3242 5134
249 1017 307 1089 lle
332 1016 551 1110 sequentiis
576 1024 627 1093 ad
651 1022 694 1095 V.
712 1023 761 1096 (tl
785 1026 1050 1101 Hermannum
1066 1032 1322 1106 Adalbertum

249 1119 387 1193 Daniel
398 1121 571 1215 Epistola
588 1122 736 1198 critica.
772 1128 944 1201 Auctore
962 1132 1106 1204 Ioanne
1123 1133 1174 1205 ld.
1188 1134 1224 1205 ll
1225 1134 1320 1224 eale,

276 1223 321 1293 A
343 1222 402 1314 it,
418 1224 620 1298 Ecclesiae
636 1225 879 1319 Anglicanae
897 1230 1111 1327 Sacerdote,
1138 1233 1296 1327 collegii

351 1396 353 1399 ,
444 1427 446 1430 Ι
545 1325 824 1405 Sackvillensis
850 1332 1022 1407 uusado.

334 1516 417 1574 Petis
440 1536 458 1575 a
480 1536 537 1585 me,
561 1520 612 1575 Vir
633 1520 811 1578 Doctissime
840 1529 870 1580 et
891 1525 1094 1595 Amicissime‚
1125 1533 1158 1583 ut
1181 1544 1258 1603 quae
1281 1526 1318 1586 de

247 1599 420 1676 Sequentiis
443 1606 474 1662 iu
488 1604 664 1661 collectione
680 1622 700 1665 a
719 1625 767 1682 me
789 1614 858 1667 ante
874 1616 1003 1685 quatuor
1018 1628 1111 1668 anuos
1131 1613 1211 1670 edita
1231 1597 1335 1687 prae·-

246 1687 329 1743 fatus
351 1689 467 1757 fuerim,
492 1685 583 1746 ea'ut
596 1708 721 1765 possum
742 1696 877 1750 auctiora
897 1713 993 1754 novae
1008 1699 1052 1753 tui
1074 1700 1172 1772 operis
1196 1698 1318 1756 editioni

245 1774 444 1848 praefigenda
465 1776 588 1831 mittam.
622 1776 700 1833 Sane
714 1779 744 1834 in
765 1779 905 1855 liocuno
927 1781 1068 1838 iudicium
1090 1789 1174 1839 tuum
1196 1788 1227 1840 et
1249 1800 1318 1839 acu-

244 1874 315 1916 men
337 1858 550 1927 desiderabunt
570 1861 714 1931 lectores,
742 1867 793 1938 qui
817 1870 900 1922 tanto
922 1869 1143 1941 praestantiora
1171 1870 1236 1941 ipse
1267 1866 1318 1921 de·
1402 1882 1404 1886 ·

243 1960 384 2015 promere
405 1952 502 2019 potes.
548 1946 608 2003 Sed
630 1950 769 2022 quoniam
791 1950 878 2006 ambo
902 1953 932 2007 in
955 1951 1003 2007 his
1027 1952 1150 2018 studiis,
1172 1954 1244 2007 licet
1265 1952 1318 2006 im·

242 2030 311 2101 pari
333 2046 485 2099 successu,
509 2031 723 2099 laboravimus,
754 2050 809 2089 nec
837 2040 1012 2108 pergratum
1041 2036 1111 2090 mihi
1134 2052 1193 2097 uon
1214 2039 1317 2108 potest
1392 2093 1395 2098 ,

243 2129 324 2180 esse,
346 2117 377 2170 in
400 2132 501 2190 opere,
525 2122 606 2173 certe
627 2122 698 2190 post
720 2135 775 2173 nos
800 2121 926 2186 victuro,
951 2120 1089 2191 exiguum
1118 2120 1189 2185 mihi
1217 2119 1317 2175 locum

242 2198 409 2257 vindicare:
433 2203 666 2275 experimentum
687 2193 815 2269 ¹faciam,
846 2220 884 2258 au
906 2202 1019 2277 aliquid
1048 2220 1064 2259 e
1086 2206 1209 2261 scriniis
1231 2206 1315 2273 meis,

243 2283 327 2359 quod
348 2290 400 2341 tuo
423 2288 462 2343 sit
483 2288 564 2353 usui,
589 2304 762 2359 expromere
782 2290 907 2361 possim.
943 2287 987 2343 -ld
1009 2306 1100 2345 unum
1122 2289 1258 2357 obsecro,
1281 2295 1316 2348 ut

244 2370 389 2445 quicquid
410 2370 448 2432 de
469 2371 526 2427 hac
546 2389 579 2427 re
603 2372 739 2439 scribam,
756 2372 793 2428 ab
815 2373 935 2429 homine
950 2391 1017 2429 cum
1031 2376 1156 2431 maxime
1178 2376 1244 2430 aliis
1267 2390 1316 2431 oc-

242 2461 354 2529 cupato
393 2455 598 2531 distractoque
636 2459 782 2531 negotiis,
822 2458 904 2532 quod
939 2460 1005 2533 ipsc
1043 2461 1119 2528 sois,
1147 2461 1316 2534 proiectum

243 2556 314 2597 esse
336 2558 514 2597 meminens.

327 2626 373 2683 De
389 2626 559 2701 Sequentiis
581 2626 712 2685 breviter
727 2627 853 2695 dicturo,
876 2630 1003 2702 primum
1026 2628 1063 2684 de
1079 2646 1180 2686 earum
1203 2629 1316 2703 origine

241 2710 452 2785 inquirendum
473 2717 537 2778 est;
561 2712 629 2769 dein
652 2712 688 2767 de
703 2730 877 2786 progressu,
902 2712 1121 2781 additamentis,
1145 2713 1336 2785 generibus*

241 2796 430 2863 auctoribus,
459 2798 663 2870 antiquatione
699 2796 813 2870 aliquid
848 2798 1045 2852 statuendum.
1099 2796 1162 2851 Iam
1188 2794 1257 2851 iude
1280 2811 1316 2852 ex

242 2883 457 2955 antiquissimis
487 2882 670 2955 temporibus
707 2881 737 2937 id
766 2884 796 2938 in
818 2898 875 2937 usu
904 2880 1057 2936 Ecclesiae
1086 2881 1211 2936 Latinae
1242 2884 1315 2956 erat,

241 2971 277 3024 ut
298 2968 377 3045 inter
390 2967 558 3040 Epistulam
574 2973 604 3023 et
618 2967 821 3040 Evangelium,
846 2970 928 3021 extra
943 2967 1060 3032 ieiunia,
1077 2964 1226 3021 Graduale
1250 2955 1317 3020 cum

239 3051 372 3108 Alleluia
401 3051 562 3109 diceretur.
615 3051 745 3106 Rubrica
774 3052 908 3107 Missalis
944 3049 1188 3107 sarisburiensis:
1220 3050 1317 3120 „Dum

240 3130 373 3202 Alleluia
388 3138 512 3205 canitur,
537 3137 596 3192 duo
619 3135 656 3192 de
681 3137 828 3209 superiori
848 3134 944 3209 gradu
966 3134 1005 3190 ad
1027 3135 1188 3191 Alleluia
1210 3134 1317 3190 decan·

241 3221 368 3281 taudum
392 3225 496 3297 cappis
518 3224 622 3279 sericis
646 3238 679 3277 se
701 3220 827 3278 induant
856 3226 888 3277 et
916 3220 955 3276 ad
983 3213 1150 3294 pulpitum“
1167 3218 1315 3293 (Anglice:

242 3307 409 3375 Rom-lost,
433 3308 625 3376 Germanice:
648 3305 784 3373 Lettner)
797 3322 872 3380 „per
887 3305 1016 3362 medum
1028 3306 1150 3361 chorum
1170 3303 1317 3361 incedant.

241 3395 329 3450 Dicto
352 3410 425 3450 vero
442 3393 586 3450 Graduali
607 3419 619 3429 -
634 3420 646 3429 -
661 3420 674 3429 -
688 3420 701 3429 ·
724 3398 870 3468 sequatur
885 3391 1055 3447 Alleluia.
1101 3390 1217 3447 Chorus
1234 3389 1318 3448 ,idem

242 3483 374 3552 repetat·
391 3483 423 3535 et
448 3484 650 3554 prosequatur
673 3495 740 3534 eum
760 3470 984 3552 pneumate.“
1022 3476 1069 3533 lta
1083 3476 1240 3533 Belethus:
1258 3474 1319 3546 „lu
1345 3468 1353 3475 ’

244 3565 332 3621 huius
354 3565 414 3621 line
435 3567 679 3632 neumatizamus,
701 3563 733 3621 id
756 3569 819 3630 est,
842 3564 1013 3630 iubilamus,
1037 3562 1107 3617 dum
1134 3564 1223 3618 finem
1250 3577 1319 3635 pro·

242 3650 389 3709 trahimus
423 3656 454 3707 et
475 3652 503 3708 ei
525 3651 608 3709 velut
630 3648 756 3707 caudam
785 3642 999 3724 accingimus.“
1044 3647 1130 3705 Hunc
1154 3648 1268 3706 scilicet
1289 3645 1319 3701 in
1394 3682 1397 3692 ι
