3242 5134
787 477 811 551 8

271 671 377 748 Tuque
390 670 538 726 furentem
552 664 726 733 Leviathan,
750 666 920 738 serpentem
935 664 1163 736 tortuosumque
1178 664 1210 724 et
1223 662 1341 716 rectum

272 752 426 823 collidens,
443 754 585 810 damnoso
601 752 722 818 crimine
737 748 877 807 mundum
892 747 1051 806 exemisti
1065 735 1101 823 ΙΙι
1124 763 1227 805 verum
1249 746 1342 802 etiam

273 840 432 918 aliquando
461 838 501 895 ad
525 838 649 894 sormam
678 840 893 910 accentumque
921 834 1099 907 hymnorum
1128 850 1199 890 suos
1221 830 1342 905 redegit

273 944 386 985 versus.
429 924 571 997 Exemplo
594 924 648 979 sit:
671 921 750 978 Audi
772 938 836 988 nos,
860 936 928 976 nam
949 925 979 976 te
1001 917 1109 975 Filius
1130 917 1205 974 nihil
1226 932 1342 990 negans

273 1013 421 1069 honorat
436 998 450 1087 ΙΙ
465 1008 553 1066 Salva
568 1026 632 1075 nos,
647 1007 725 1075 Iesu,
741 1024 796 1081 pro
809 1004 928 1080 quibus
951 1009 982 1062 te
995 1004 1085 1078 Virgo
1097 1002 1201 1060 Mater'
1211 1006 1299 1058 orat.
1314 989 1328 1075 ΙΙ
1382 1038 1387 1045 -

193 1117 195 1119 ·
275 1096 454 1172 sequentiae
477 1094 604 1151 saeculis
626 1092 676 1150 XI.
708 1093 892 1166 compositae
924 1094 954 1147 et
982 1088 1102 1145 ineunte
1132 1087 1252 1145 saeculo
1276 1086 1341 1143 XII.

274 1183 370 1257 magis
392 1182 547 1255 magisque
569 1180 600 1235 in
621 1178 699 1235 banc
721 1193 854 1234 normam
875 1173 1055 1251 vergebant:
1078 1178 1111 1231 ut
1132 1174 1200 1241 illa,
1229 1172 1344 1230 Victi·

274 1284 344 1323 mae
366 1265 541 1323 Paschali
580 1280 668 1339 quam
691 1262 811 1320 saeculo
832 1261 897 1318 ΧΠ.
921 1259 1047 1327 ascribo,
1071 1259 1252 1333 amplissime
1274 1274 1344 1331 pro·

178 1397 180 1400 .
274 1351 334 1408 bat.
379 1352 432 1407 Dic
455 1349 556 1417 nobis,
584 1349 705 1417 Maria,
732 1337 737 1424 Ι
765 1345 837 1422 quid
866 1346 966 1405 vidisti
987 1346 1108 1403 invia?
1138 1333 1153 1421 ΙΙ
1180 1342 1344 1418 Angelicos

276 1441 414 1503 testes,
438 1434 589 1492 sudarium
611 1439 641 1490 et
662 1439 796 1491 restes.
811 1422 827 1508 ΙΙ

359 1522 434 1578 Hinc
457 1521 585 1575 sortasse
613 1528 697 1574 suam
720 1517 942 1593 sequentiarum
969 1515 1093 1571 formam
1122 1517 1274 1570 mutuatus
1297 1515 1346 1569 est

276 1604 408 1663 adamus
432 1604 468 1661 de
492 1605 601 1660 Sancto
624 1604 754 1671 Victore,
778 1603 828 1677 qui
852 1604 931 1658 circa
953 1599 988 1655 Α.
1001 1600 1034 1657 D.
1060 1599 1140 1658 1190
1162 1600 1254 1657 vitam
1277 1614 1346 1653 cum

276 1690 497 1747 immortalitate
521 1690 720 1746 commutarit.
765 1688 809 1744 De
833 1704 868 1743 eo
898 1688 972 1743 scite
995 1683 1115 1760 quidem
1137 1689 1167 1741 et
1190 1684 1346 1759 eleganter

159 1807 167 1818 ·-
276 1777 328 1833 Vir
348 1773 551 1842 Reverendua
573 1772 739 1830 Richardus
753 1773 902 1830 Chenevix
918 1770 1051 1837 Trcnch,
1075 1771 1159 1826 cuius
1181 1769 1273 1827 rerba
1294 1767 1345 1825 hic

269 1862 360 1916 iuvat
373 1860 481 1916 Latina
495 1860 632 1917 versione
652 1856 772 1914 donare.
811 1858 875 1928 „De
891 1855 998 1913 Adami
1014 1856 1179 1939 sequentiis
1193 1854 1243 1927 alii
1258 1854 1346 1910 aliter
1371 1893 1375 1899 -

277 1940 493 2012 iudicaverunt,
533 1943 589 2013 Qui
612 1961 679 1999 eum
700 1946 730 1999 in
753 1960 867 2002 summo
889 1943 1002 1998 honore
1024 1939 1144 2008 habent,
1166 1941 1214 1999 rix
1235 1940 1345 2008 infitias

278 2027 378 2095 ibunt,
408 2033 530 2101 poetam
562 2030 594 2082 in
623 2030 751 2100 mystica
779 2027 897 2083 Veteris
927 2019 1111 2083 Testamenti
1150 2025 1346 2099 explicatione

278 2114 397 2169 nimium
418 2112 565 2180 laborare,
588 2128 703 2187 suoque
726 2113 821 2186 ipsius
843 2112 972 2186 iugenio,
997 2109 1035 2167 ad
1056 2109 1087 2166 id
1107 2109 1249 2178 adhibito,
1271 2105 1347 2166 non·

278 2213 429 2271 nunquam
455 2196 543 2253 abuti.
586 2197 649 2252 Nec
673 2213 791 2270 semper
814 2196 1001 2253 doctissimas
1025 2213 1095 2253 suas
1119 2196 1346 2265 observationes

239 2317 243 2327 ·
278 2284 308 2339 in
329 2298 458 2355 poeseos
473 2281 619 2338 fervorem
634 2282 766 2355 perfecte
783 2282 892 2338 effusas
910 2281 1036 2339 exhibet.
1072 2280 1240 2355 Aliquando
1258 2281 1348 2337 etiam

278 2367 346 2442 plus
364 2383 464 2442 ,aequo
486 2366 616 2433 laborat,
640 2371 673 2422 ut
694 2382 800 2424 versus
822 2368 911 2422 nimia
940 2371 1098 2439 componat
1120 2371 1200 2434 arte,
1228 2367 1349 2423 intrica-

279 2452 410 2533 tissimas
434 2452 642 2507 consonantias
665 2452 723 2506 lam
744 2450 939 2525 prodigaliter
960 2452 1143 2519 accumulet,
1173 2452 1231 2508 iam
1255 2449 1348 2508 subti-

278 2537 347 2593 liter
368 2538 445 2592 inter
467 2554 500 2592 se
522 2536 609 2611 liget:
633 2540 667 2591 ut
689 2553 722 2592 se
744 2536 920 2609 magistrum
950 2537 1043 2592 omnis
1065 2553 1206 2594 versuum
1228 2532 1347 2612 generis

280 2620 534 2677 absolutissimum
551 2619 709 2687 exhibeat,
742 2637 798 2696 nec
826 2625 887 2676 tam
916 2637 934 2676 a
962 2622 1087 2678 vinculis
1118 2623 1179 2678 suis
1202 2619 1345 2688 adbiberi,

280 2722 369 2780 quam
390 2707 420 2761 in
444 2706 486 2761 eis
506 2705 629 2779 'gloriari
653 2704 845 2761 demonstret.
888 2705 1010 2779 Culpae,
1034 2722 1111 2780 quae
1133 2707 1213 2762 nimii
1235 2703 1348 2781 aliquid

279 2790 376 2844 meriti
398 2788 428 2842 in
451 2804 484 2843 se
506 2789 626 2842 habent.
672 2789 822 2844 circulum
852 2790 1027 2845 universalis
1057 2789 1228 2866 theologiae
1249 2791 1348 2866 perfe-

279 2873 411 2929 ctissime
435 2870 533 2938 callet,
552 2871 662 2927 Sancta
677 2871 831 2945 Scriptura
853 2890 911 2929 non
933 2875 1028 2930 minus
1051 2874 1236 2932 abundanter
1259 2893 1347 2951 quam

279 2956 452 3013 mirabiliter
474 2958 575 3023 utitur,
599 2973 705 3012 versus
728 2958 875 3032 exquisita
891 2957 1019 3034 quadam
1041 2964 1105 3016 arte
1128 2959 1253 3028 ordinat,
1275 2978 1347 3018 con·

279 3043 492 3116 sonantiasque
516 3040 654 3113 disponit,
679 3040 845 3109 melodiam,
869 3041 938 3099 dum
961 3043 1109 3101 adfinem
1131 3045 1347 3121 vergit,'ditio·

277 3143 341 3183 rem
363 3127 586 3201 plenioremque
609 3126 747 3183 exhibere
770 3132 867 3196 curat,
890 3129 920 3184 in
944 3131 1076 3206 singulos
1107 3146 1212 3187 versus
1242 3133 1347 3191 mirum

279 3216 422 3285 quantum
451 3212 496 3267 vis
526 3209 661 3267 infundat
683 3210 718 3277 (e.
742 3230 773 3284 g.
817 3212 933 3282 „Offert
954 3215 1062 3282 multa,
1094 3214 1222 3287 spondet
1249 3217 1345 3290 plura,

277 3295 472 3352 Periturus
495 3297 672 3368 peritura:
687 3323 730 3333 -
745 3296 803 3352 Per
826 3314 915 3372 quam
935 3299 1021 3372 plebs
1044 3298 1243 3357 Alexandrina
1263 3301 1347 3357 Fae·

277 3382 395 3436 minae
417 3397 487 3435 non
509 3380 710 3436 faeminina
732 3380 853 3455 Stupuit
881 3380 1025 3457 ingenia;)
1056 3384 1258 3442 felicissimum
1280 3402 1345 3442 nar-

277 3459 363 3522 randi
386 3465 542 3527 artificium
564 3462 633 3520 ideo
657 3467 771 3539 gratius
785 3467 949 3524 lectoribus
964 3466 1072 3536 reddit,
1096 3471 1166 3544 quia
1181 3485 1258 3545 quae
1281 3470 1346 3528 aliis

276 3550 392 3624 profert
412 3551 527 3621 ipsese
551 3548 673 3605 credere
696 3556 727 3607 et
741 3554 852 3609 sentire
875 3559 935 3609 tam
951 3552 1063 3629 liquido
1080 3549 1291 3614 demonstrat.“
1304 3584 1347 3594 -

277 3635 340 3691 Nec
363 3632 493 3689 absurde
514 3633 664 3691 Iohannes
686 3635 869 3705 Tolosanus,
900 3643 931 3694 et
960 3640 1025 3712 ipse
1047 3639 1133 3697 Prior
1163 3641 1352 3698 Victorinus:
1397 3661 1406 3675 ·

230 3725 235 3732 '
279 3718 394 3790 „Valde
416 3718 525 3774 multas
541 3734 648 3791 prosas
663 3720 743 3787 fecit,
766 3738 844 3800 quae
861 3725 1012 3781 succincte
1032 3730 1063 3782 et
1078 3726 1264 3783 clausulatim
1279 3743 1346 3800 pro·

277 3802 458 3880 gredientes,
481 3808 607 3859 venusto
629 3805 787 3862 verborum
808 3809 992 3867 matrimonio
1014 3810 1161 3868 subtiliter
1177 3809 1360 3884 decoratae,

279 3887 493 3945 sententiarum
515 3889 650 3946 flosculis
678 3891 853 3949 mirabiliter
880 3896 1064 3968 picturatae,
1095 3893 1247 3952 schemate
1277 3913 1347 3952 con·

256 3974 488 4047 ,gruentissimo
512 3981 742 4047 componuntur:
765 3978 795 4032 in
819 3978 926 4051 quibus
956 3984 987 4035 et
1009 3995 1077 4036 cum
1097 3967 1256 4037 interserat
1277 3998 1345 4055 pros

276 4058 396 4131 phetias
420 4063 450 4114 et
471 4060 593 4132 figuras,
618 4062 747 4133 quaein
770 4078 861 4119 seusu
883 4080 972 4137 quem
998 4062 1180 4137 protendunt
1195 4060 1346 4124 vvidentur

276 4142 549 4210 obscuratissimae,
573 4149 672 4201 tamen
696 4146 739 4201 sic
762 4162 814 4203 eas
838 4145 962 4220 adaptat
984 4147 1022 4203 ad
1051 4165 1137 4204 suum
1158 4152 1345 4223 propositum

275 4228 442 4294 manifeste,
465 4234 499 4284 ut
513 4231 608 4303 magis
628 4228 786 4286 rideantur
800 4229 956 4288 historiam
970 4238 1070 4290 texere
1086 4250 1175 4308 quam
1189 4230 1343 4309 liguram.“

365 4312 427 4368 Nec
449 4314 562 4381 mirum,
578 4316 653 4370 tanti
667 4316 792 4371 nominis
808 4317 1016 4373 auctoritatem
1037 4322 1210 4393 tantamque
1233 4321 1343 4395 ingenii

279 4396 390 4468 poetici
411 4399 470 4455 rim
498 4417 606 4457 norum
633 4400 856 4474 sequentiarum
877 4417 972 4477 genus
995 4402 1224 4463 aSoandinavia
1245 4401 1343 4481 usque
