3242 5134
333 680 362 741 5.
378 682 514 738 Salutate
536 684 638 736 tantae
659 680 703 735 rei
840 678 939 738 ¹8.In
961 677 1095 736 Persona
1115 695 1176 736 una
1198 678 1308 737 Christi
1346 679 1351 684 ’
1402 677 1455 684 “’

377 768 600 832 Documentum,
624 765 712 821 Verbi
734 764 788 821 Dei
908 763 985 820 Ecce
1008 763 1103 820 Deum
1125 765 1303 839 cognovisti,

418 852 464 906 Fit
485 850 736 925 Transfiguratioz
930 849 1057 923 Virginis
1081 853 1111 905 et
1132 842 1242 906 fflium:

375 935 409 992 In
432 952 492 1009 qua
513 935 598 991 nobis
621 934 771 992 revelatur
905 934 1001 991 Unam
1022 939 1121 991 tamen
1150 937 1193 991 sic
1218 933 1455 1004 eoncedaffi,

376 1020 462 1090 Quod
485 1021 604 1077 humani
626 1020 787 1095 tegebatur
908 1018 996 1089 Quod
1008 1020 1138 1076 Naturae
1162 1019 1239 1077 duas
1262 1018 1451 1091 medea,

418 1106 557 1179 Corporis
581 1106 636 1162 sub
658 1106 759 1180 pallio.
949 1103 999 1161 Ins
1023 1110 1178 1161 servantes
1200 1107 1444 1180 proprium-

334 1225 362 1282 6.
380 1224 497 1281 Candor
505 1223 751 1298 vestis‚splendor
759 1225 843 1291 lueis,
868 1223 896 1281 9.
907 1224 962 1279 Hic
978 1228 1024 1281 est
1038 1223 1115 1296 lapis
1129 1241 1220 1297 quem
1234 1226 1445 1281 reiectat-1

375 1309 433 1366 Pro
456 1316 582 1383 peceato
606 1327 724 1365 carnem
740 1309 843 1365 Crucis
908 1308 935 1364 A
957 1308 1085 1375 Iudaeis,
1111 1308 1166 1365 sed
1187 1309 1318 1366 electum

417 1395 541 1451 Affixam
563 1395 719 1468 supplicio,
947 1393 1032 1449 Nunc
1055 1395 1084 1449 in
1107 1399 1199 1467 eaput
1221 1396 1333 1468 anguli,

296 1512 302 1525 ·
374 1480 540 1535 Gloriosam
562 1481 619 1536 iam
643 1478 779 1535 effectam
906 1474 1032 1535 Deitatis
1055 1480 1084 1534 in
1108 1477 1279 1552 splendore,

376 1564 560 1639 Designabat
583 1570 613 1619 et
635 1569 768 1620 evectam
907 1562 968 1619 Imo
992 1565 1085 1620 vestis
1108 1564 1138 1620 in
1161 1562 1281 1631 decore,

416 1649 505 1706 Verbi
526 1649 692 1723 privilegio.
949 1648 1092 1712 Viderunt
1115 1645 1276 1723 discipuli.'

257 1830 260 1836 ,
331 1768 360 1828 7.
374 1769 473 1844 Atque
483 1768 634 1825 Christum
648 1786 706 1824 vox
720 1766 827 1835 fidelis,
846 1766 892 1825 10.
905 1767 932 1822 A
954 1768 1112 1841 prophetis
1134 1766 1339 1842 praedicatum

373 1855 438 1911 Non
462 1853 498 1909 de
514 1854 601 1910 terris
618 1852 672 1909 sed
687 1852 724 1908 de
739 1852 841 1919 coelis,
908 1844 1120 1926 Cognoverunt
1133 1853 1434 1929 transformatum

414 1940 468 1995 Dei
490 1957 601 1995 vocans
624 1938 738 2004 Filium,
944 1937 1026 1993 Inter
1049 1937 1200 1994 animalia:

372 2026 479 2080 Forma
499 2030 602 2080 nostra
624 2024 790 2097 pravitatis,
905 2019 988 2090 Quae
1003 2021 1156 2101 Propheta
1178 2022 1428 2097 praedicavit-5,

373 2109 574 2165 Obumbratae
596 2109 723 2164 Deitatis
905 2108 994 2164 Verbi
1017 2108 1071 2163 Dei
1094 2124 1162 2164 eum
1185 2110 1305 2182 expavit

417 2193 546 2251 Praebet
567 2195 769 2251 testimonium
950 2193 983 2248 In
1007 2210 1096 2250 earne
1119 2194 1277 2267 magnalia.

539 2314 585 2370 11.
599 2312 664 2367 Tua
685 2312 741 2367 frui
763 2313 887 2379 visione,

598 2395 775 2469 Praeparari
797 2414 853 2452 nos
876 2413 1013 2463 coronae,

639 2481 706 2536 Non
729 2480 869 2555 indignos
892 2498 998 2549 annue,

600 2565 660 2623 Sed
682 2565 829 2622 haeredes
853 2584 907 2623 nos
924 2566 1066 2633 ascribas,

598 2651 631 2706 In
654 2650 780 2707 Iordane
803 2650 854 2725 qui
877 2652 1016 2726 praeibas
1123 2721 1128 2725 .

643 2736 704 2792 Nos
728 2735 878 2811 quondam
900 2737 1068 2811 perlosue.

390 2855 549 2912 Exordium
564 2855 722 2912 meditatur
742 2873 863 2930 prosam
885 2856 1040 2912 Verbum
1061 2855 1124 2912 Dei
1147 2856 1225 2912 Deo
1247 2857 1434 2914 aaron&

306 2969 349 2978 -
370 2942 399 2998 7.
422 2941 485 2999 Lib.
516 2941 659 2997 Christi
685 2959 763 2999 vox.
814 2941 950 2998 Nealius:
979 2942 1095 2998 forma
1124 2947 1255 2998 nostra
1283 2949 1435 3015 parf

304 3028 456 3086 vitatis.
502 3026 549 3085 10.
574 3027 681 3083 Neale:
711 3027 893 3083 Notissimum
917 3034 973 3093 est,
1005 3028 1082 3083 illam
1118 3026 1258 3102 Valeriae
1294 3027 1437 3092 Seri!

239 3115 241 3119 ’
299 3120 407 3190 pturae
434 3113 597 3188 lectionem,
629 3115 678 3183 „in
700 3113 821 3168 medium
850 3112 969 3168 duorum
992 3113 1155 3168 animalium
1178 3104 1437 3174 innotesces&

305 3205 389 3272 quam
412 3198 604 3255 άὶυενείεείηιε
632 3218 650 3254 α
678 3197 868 3271 scriptoribus
889 3196 975 3253 medii
1003 3198 1067 3254 aeui
1088 3198 1160 3272 capi.
1205 3198 1247 3254 Hi
1267 3196 1307 3253 ad
1326 3198 1440 3253 bos

306 3301 366 3341 vern
390 3286 550 3339 erasmum
573 3285 745 3349 instabam,
769 3283 813 3338 illi
834 3281 874 3337 ad
894 3284 1021 3338 latrones
1043 3285 1073 3337 r'n
1094 3283 1240 3350 crucibus,
1263 3284 1314 3339 isa·
1334 3260 1443 3338 affl

306 3370 362 3425 duo
394 3370 575 3425 Testamenta
608 3370 780 3425 retulerunt.
825 3368 915 3425 Pos'ta
942 3376 1041 3423 noster
1061 3368 1102 3423 ad
1120 3367 1241 3440 Moysen
1264 3376 1295 3424 et
1314 3365 1442 3424 Hel

308 3454 374 3510 liam
396 3456 511 3527 referre
527 3456 677 3529 praetulit.
726 3454 772 3510 11.
796 3451 859 3511 Lib.
881 3453 1119 3528 praeparati.
1229 3527 1233 3543 ι

386 3786 468 3853 'boh'
501 3784 655 3863 [tarium
686 3784 761 3853 Deo
792 3788 887 3852 dieat
904 3806 971 3872 per
1000 3785 1124 3852 onerata.
1168 3790 1202 3850 In
1225 3789 1448 3850 Trans!

305 3881 552 3955 figuratione
574 3882 697 3939 Domini.
741 3881 855 3937 Neale
885 3881 952 3955 Seq.
975 3900 1004 3955 p.
1031 3879 1090 3936 154
1117 3896 1133 3934 e
1161 3878 1278 3938 Missaii
1298 3877 1449 3935 Tra!

304 3968 428 4023 ieetensi
467 3963 565 4033 1513]
620 3966 804 4039 Sequentiam
838 3984 909 4024 sane
943 3966 1087 4023 rudiorem
1120 3970 1151 4020 er
1185 3956 1453 4022 romamofl

304 4060 460 4110 nectentem
487 4054 606 4125 scripsit
634 4055 679 4109 vir
713 4054 860 4125 theologius
881 4054 982 4126 potiar
1011 4067 1093 4123 qaam
1112 4054 1209 4124 putta.
1235 4048 1316 4149 ⁸Sed.
1332 4063 1366 4104 ae
1410 4041 1449 4062 ⁴

305 4136 377 4193 haec
398 4137 509 4210 quidem
527 4140 579 4211 pio
601 4137 720 4209 quodum
742 4139 848 4211 affectu
870 4145 958 4193 caret.

305 4251 424 4312 Laudes
447 4226 510 4311 Deo
533 4254 613 4312 dieat
635 4271 690 4328 per
711 4257 818 4313 omnia
837 4255 903 4312 Pro·
919 4256 1023 4329 elapsa
1046 4253 1172 4312 coelitus

223 4354 227 4362 ’
307 4340 386 4397 Voee
399 4341 490 4397 iubila
501 4339 600 4397 Mater
612 4344 714 4397 nostra
725 4340 827 4398 Eeele·
839 4341 885 4397 Ad
908 4357 962 4397 nos
985 4356 1060 4397 voce
1077 4335 1219 4417 divinitus
1307 4381 1317 4391 „

507 4425 560 4497 sia,
576 4435 587 4442 ’·
615 4492 618 4501 ,
811 4512 815 4517 ¹
842 4464 844 4469 -
879 4425 1042 4501 Magnifica
1063 4425 1183 4499 gloria.¹
1255 4480 1259 4487 ,
1282 4435 1297 4462 ·'
