3242 5134
257 681 295 742 15.
313 685 361 754 Tu,
383 684 526 760 claviger,
552 701 642 742 carne
665 684 788 742 dormis:
813 683 868 741 sed
890 686 1015 758 impiger
1038 684 1136 745 corde.

256 766 296 825 rt.
314 771 343 828 In
362 771 442 830 hunc
469 777 599 828 montem
630 769 822 827 conscendite
844 775 915 844 post
937 776 999 826 tres
1022 771 1112 838 istos,
1144 769 1180 826 de
1207 770 1301 827 tribus

436 856 547 932 quique
570 857 657 912 tomis
680 861 786 922 terrae,

252 936 295 998 17.
311 940 392 998 Nunc
420 940 510 998 bomo
541 957 631 1014 supra
659 941 807 998 hominem
838 945 935 997 exstat
961 941 1046 996 Iesus
1074 957 1159 996 mons
1186 938 1302 996 mundis

437 1024 528 1083 corde
550 1027 737 1100 perspicuus,

246 1107 294 1165 18.
311 1110 478 1169 Maiestatis
500 1112 539 1168 iu*
552 1110 698 1169 Paternae
721 1116 849 1185 regnant
872 1108 1057 1176 celsitudine,

244 1190 293 1249 19.
311 1195 348 1252 Ut
367 1195 492 1269 Moyses
515 1201 546 1252 et
567 1196 734 1270 prophetae
757 1197 891 1252 cecinere
915 1213 1052 1250 consone.

238 1274 296 1332 20.
314 1279 357 1336 Tu
380 1296 434 1336 nos
457 1285 528 1355 post
549 1287 588 1348 te,
611 1280 673 1336 Rex
696 1280 773 1347 Iesu,
797 1281 890 1336 trahe.

319 1381 449 1438 Titulum
463 1381 644 1458 Sequentiae
674 1400 804 1457 agnosco
831 1381 898 1438 Eia
946 1385 1065 1437 turma
1091 1381 1159 1446 (Eia
1188 1384 1303 1438 recola-

237 1464 327 1531 mus).
378 1465 413 1522 1n
457 1468 605 1524 nonnullis
638 1468 769 1542 strophis
797 1469 888 1540 poeta
920 1472 1026 1542 aperte
1055 1465 1160 1522 alludit
1194 1467 1232 1522 ad
1256 1484 1301 1522 sc-

240 1552 388 1619 qrentiam
432 1553 639 1621 aerumnam,
687 1555 729 1609 uti
775 1553 803 1608 lr.
847 1550 892 1607 10.
935 1551 980 1607 12.
1038 1550 1075 1606 Et
1119 1570 1190 1607 sune
1236 1543 1327 1608 cum'

234 1626 467 1711 Transfiguratie
490 1637 721 1694 necessitudinis
745 1636 817 1711 quid
839 1638 948 1693 habeat
971 1655 1036 1692 cum
1054 1636 1224 1701 Nativitate,
1250 1656 1302 1711 op·

233 1716 304 1777 time
328 1722 444 1778 clectus
467 1727 513 1779 est
536 1723 640 1779 titulus
664 1722 779 1779 natalis.
815 1723 843 1778 5.
867 1723 972 1777 Ncelc:
1003 1723 1150 1778 Alindiiro·
1171 1724 1211 1778 od
1230 1724 1302 1779 lion.

231 1797 273 1856 II·
297 1806 355 1863 35:
378 1808 485 1882 „lepis
507 1817 610 1874 autem,
634 1812 683 1881 qai
699 1816 1034 1882 percusseratrtotuam,
1054 1808 1153 1879 factor
1168 1816 1211 1863 est
1224 1827 1304 1865 mone

229 1899 364 1963 maenas,
388 1900 419 1948 et
439 1894 566 1968 implerit
587 1912 694 1949 cornero
719 1887 855 1948 terrum.“
885 1893 932 1948 Ito
954 1910 1066 1964 quoque
1088 1893 1127 1947 od
1150 1893 1303 1965 Complato-

231 1972 309 2031 rt'um
333 1980 363 2033 iu
385 1977 440 2033 Die
454 1977 649 2044 Pentecostes‚
674 1980 805 2034 Brcriar.
832 1978 1067 2032 Scerisburienae:
1090 1977 1209 2045 „Proin
1226 1979 1302 2044 flos,

233 2050 261 2105 V
259 2058 320 2128 itis,
337 2061 431 2129 Mons,
447 2063 548 2130 Ianua,
564 2064 663 2130 Petro,
678 2061 853 2137 Lapisqne.“
872 2061 1028 2133 Sequentia
1043 2079 1125 2133 quom
1143 2062 1302 2118 iornduduor

226 2136 382 2203 dedimus:
412 2148 477 2217 „Tu
506 2150 556 2222 qui
578 2150 666 2223 Iapis,
697 2148 751 2204 duc
777 2149 816 2202 ad
843 2140 991 2201 irrorrtem.“
1037 2146 1063 2202 ti.
1094 2147 1123 2202 S.
1152 2146 1301 2204 deifici.

226 2216 256 2279 7·
282 2229 392 2287 Matth.
417 2231 502 2299 XVI,
535 2233 581 2291 17.
612 2233 657 2292 tt.
680 2233 746 2288 Rat.
776 2251 793 2285 o
824 2248 985 2286 somnum
1015 2232 1183 2304 gratiae,
1214 2250 1301 2305 quam

224 2301 392 2373 lectionem
414 2317 489 2373 bene
513 2335 545 2373 se
568 2318 678 2374 habere
702 2316 854 2374 contendit
877 2316 1054 2372 Trenclrius:
1090 2299 1223 2371 som'nunr
1247 2319 1303 2373 sei·

225 2385 305 2456 licet
328 2419 389 2475 quo
411 2401 590 2458 tenebantur
612 2403 740 2476 apostoli
763 2421 822 2458 non
846 2401 1008 2457 secundum
1032 2406 1166 2457 naturam
1190 2401 1242 2457 scd
1260 2402 1303 2458 di·

173 2528 175 2532 .
223 2477 343 2542 vinicus
366 2487 489 2542 missum
511 2488 611 2545 fuisse.
655 2487 696 2543 At
717 2488 833 2561 reliqua
855 2486 921 2542 libri
942 2487 1008 2542 Rat.
1033 2489 1162 2542 varietas
1186 2506 1243 2542 nou
1267 2504 1303 2543 ca

222 2570 277 2622 ent
292 2588 381 2645 ‘quae
403 2571 486 2628 uobis
509 2573 586 2629 hanc
610 2575 801 2646 scripturam,
836 2573 1023 2629 artificiosam
1047 2589 1132 2638 sane,
1156 2591 1303 2629 commen·

221 2639 291 2735 flet.
335 2656 369 2712 R.
396 2657 502 2713 nobis
532 2685 575 2694 -
603 2658 793 2715 Boanerie.
855 2658 900 2713 15.
931 2656 1038 2712 Neale:
1075 2659 1209 2713 Forsitan
1231 2666 1301 2732 post

219 2740 402 2816 lmpiger
431 2744 612 2800 imerendum
634 2752 679 2798 est
708 2761 762 2810 es,
793 2751 826 2799 ut
853 2750 972 2799 metrum
1002 2749 1119 2798 constet.
1166 2743 1202 2797 Et
1225 2761 1298 2799 sanc

176 2853 189 2879 ·.
222 2819 359 2899 stropha
395 2830 568 2900 sequentiae
603 2830 784 2884 normativae
820 2825 951 2883 Induit
989 2827 1137 2899 galeam
1173 2834 1302 2884 certat

220 2909 268 2961 ut
299 2911 409 2967 miles
439 2918 636 2969 armatura
666 2913 718 2969 XV
749 2912 930 2985 syllabarum
952 2919 1007 2967 est.
1063 2911 1107 2969 16.
1131 2911 1236 2967 Tomi
1260 2930 1301 2955 =

223 2996 347 3055 partes.
394 2995 440 3054 17.
462 2997 495 3055 R.
518 3000 644 3054 exitet
665 2998 865 3055 lohannes.

316 3201 388 3266 568.
419 3191 485 3269 [De
503 3196 654 3278 parente
676 3185 809 3257 summo
831 3196 964 3258 noterio.
1008 3198 1042 3255 in
1072 3198 1303 3276 Transfigu-

224 3289 380 3346 1‘atione
412 3287 536 3345 Domini.
597 3287 714 3343 Neale
749 3287 817 3361 Seq.
850 3305 878 3360 p.
906 3284 962 3342 151
995 3303 1011 3340 c
1045 3285 1160 3344 Missali
1192 3285 1303 3342 Turne·

226 3374 315 3432 censi
343 3366 442 3442 torn]

230 3467 255 3526 1·
274 3477 323 3532 De
346 3478 471 3547 parente
495 3491 608 3530 summo
630 3479 746 3541 natum,
770 3473 798 3534 3.
812 3475 846 3530 In
869 3489 902 3530 se
925 3472 982 3528 duo
1007 3473 1049 3530 sic
1071 3474 1174 3540 univit,

271 3558 338 3616 Sed
360 3575 379 3614 a
400 3558 489 3615 Patre
512 3576 569 3613 non
593 3564 735 3625 creatum,
812 3560 984 3632 Digniorem
1007 3558 1088 3632 quod
1109 3560 1238 3626 vestivit,

318 3644 448 3699 Verbum
470 3645 500 3700 in
522 3645 667 3716 principio
852 3645 919 3699 Non
942 3646 1082 3716 corrupit,
1107 3645 1238 3717 fragilis:

271 3731 350 3787 Cum
376 3728 503 3786 Parente
525 3729 606 3784 Deus
629 3746 715 3795 unus,
813 3729 918 3803 Neque
941 3731 1033 3784 maior
1056 3747 1088 3784 se
1111 3732 1254 3786 minorem

275 3814 368 3884 Quod
384 3815 500 3870 nultius
523 3818 621 3874 exstat
642 3829 757 3880 munus,
815 3814 1030 3872 Consumcbat:
1055 3812 1110 3870 sed
1131 3814 1274 3872 honorem

318 3897 466 3964 Sederat
489 3916 523 3956 cx
546 3900 683 3972 proprio:
852 3897 992 3971 Augebat
1014 3899 1174 3971 passibilis.

225 3989 256 4055 2.
275 4000 407 4058 Verbum
421 4002 542 4077 inquam
556 4000 646 4068 istud,
659 4000 795 4068 Deum.
811 4001 889 4056 Vera
910 4005 1011 4056 manet
1033 4001 1076 4056 sic
1099 4005 1235 4076 utraque,

274 4087 322 4142 Ne
344 4087 456 4162 periret
477 4086 566 4144 homo
588 4104 668 4153 reus,
809 4086 876 4141 Non
898 4091 932 4141 ut
953 4087 1053 4142 riuum
1067 4088 1189 4142 mixtum
1204 4100 1301 4159 aquae

320 4172 405 4228 Servi
427 4172 550 4228 sormam
573 4170 681 4227 induit:
853 4171 993 4244 Corrupit
1015 4171 1197 4227 commixtio:

275 4256 369 4317 Facta
391 4274 469 4314 nova
491 4262 636 4324 creatura,
814 4254 872 4312 Sed
895 4260 929 4311 ut
951 4261 1050 4313 servet
1071 4257 1099 4312 in
1127 4273 1159 4312 se
1181 4271 1261 4324 vera,

282 4342 332 4397 Sic
355 4342 486 4402 humana
508 4358 630 4402 servans
649 4341 729 4415 jura,
815 4341 884 4396 Nou
906 4343 1064 4398 commixta
1085 4338 1140 4398 sed
1162 4341 1289 4412 sincera¹

324 4425 413 4497 Quod
436 4428 530 4484 Deum
551 4444 611 4488 nnn
633 4428 721 4486 exuit.
857 4424 940 4496 Quae
963 4425 1115 4502 coniungit
1137 4425 1214 4481 unio.
