3242 5134
253 669 294 726 4·
341 677 380 740 Ibi
401 697 482 737 nunc
505 684 707 750 cum,sanctis
728 682 850 740 civibus
872 699 945 741 oras
967 686 1093 759 angelis,

254 752 292 811 5-
339 761 467 833 Quorum
489 772 653 824 conventus
676 771 770 824 temet
791 771 926 843 suscepit
947 787 1057 844 magno
1079 787 1147 826 cum
1169 767 1288 844 gaudio,

258 837 296 898 ὓ.
337 846 452 908 Poenas
474 851 643 925 spernendo
666 850 767 909 muudi
789 870 930 910 mansura
950 860 1038 912 tenes
1059 871 1154 929 regna
1174 854 1245 928 poli.

184 954 188 958 ·
260 920 297 983 7-
337 932 423 1008 Apud
446 941 602 993 aeternum
625 943 744 995 nosmet
764 938 940 996 commenda
954 941 1049 996 Deum
1072 941 1157 996 cuius
1180 938 1218 995 ob
1241 938 1331 996 tidem

413 1021 558 1079 certando
582 1040 679 1098 usque
702 1021 741 1079 ad
764 1030 898 1091 mortem,

269 1092 304 1152 ⁸·
336 1103 441 1246 Alrlsrtrli
464 1107 547 1247 mili,
571 1125 661 1184 quam
683 1110 726 1166 sic
749 1110 921 1183 acquisisti,
944 1109 1030 1166 nobis
1052 1110 1180 1178 tribuat,
1203 1127 1258 1184 spe
1283 1127 1332 1167 su·

437 1191 498 1248 anti
520 1209 565 1250 us.

277 1262 309 1326 9.
335 1272 398 1343 Quo
421 1293 525 1332 secum
550 1276 627 1333 laeti
651 1278 841 1351 gratulantur
864 1280 978 1348 sancti,
1017 1278 1104 1336 ditati
1144 1279 1229 1335 donis
1252 1282 1333 1338 vitae

411 1377 564 1434 perennis.

270 1431 313 1498 ¹⁰.
334 1441 432 1501 Testis
454 1447 580 1514 invicte,
618 1447 687 1505 lura
708 1465 763 1522 pro
794 1449 917 1505 crimine
948 1452 1038 1523 atque
1060 1465 1115 1523 pro
1138 1453 1242 1506 nostra
1263 1467 1332 1523 pre-

413 1545 482 1587 care
505 1533 600 1598 venis,
1122 1557 1126 1562 ·

175 1631 180 1718 ἰ
269 1602 315 1670 ¹1.
334 1614 372 1672 Ut
393 1613 476 1690 digni
498 1618 648 1692 possimus
670 1617 734 1674 fore
756 1635 830 1693 rege
853 1618 982 1675 Christo.

344 1734 507 1809 Explorate
543 1735 613 1794 mihi
650 1737 777 1812 contigit
813 1739 988 1812 sequentiae
1025 1738 1144 1794 titulum
1177 1738 1330 1796 Graeca.
1418 1725 1431 1732 ⁸

256 1800 367 1894 Iisque
404 1821 541 1896 sequitur
578 1823 766 1897 sequentiam
800 1822 975 1896 paschalem
1005 1823 1101 1897 Agni
1136 1824 1330 1897 paschalis

251 1905 336 1963 equ,
365 1903 457 1962 Thes.
482 1905 519 1963 11.
548 1925 578 1980 p.
604 1908 651 1964 14.
700 1909 724 1964 1.
747 1905 807 1963 Μο.
838 1907 948 1964 Besser
970 1913 1048 1963 wilre
1075 1908 1227 1964 colimus
1257 1909 1328 1964 oder

248 1987 426 2048 colamus.
448 1991 547 2047 Bleibt
573 1992 626 2048 das
648 1991 779 2067 Particip
806 1993 917 2060 steten,
948 2010 981 2048 so
1009 1993 1079 2066 geht
1100 1993 1151 2048 der
1175 1992 1244 2049 Sata
1266 2002 1330 2051 ersi

237 2073 314 2130 ’hit
332 2075 370 2132 1⁵
391 2074 462 2143 (Str.
484 2074 526 2141 7.)
545 2078 617 2148 sort.
642 2077 669 2135 3.
694 2075 766 2135 (iod.
789 2078 895 2134 morti
918 2093 984 2151 que
1005 2103 1049 2114 —
1071 2084 1199 2133 terrea.
1218 2076 1252 2156 ¹7.
1267 2078 1327 2139 Mo.

231 2155 316 2220 Pro
331 2160 441 2218 Deum
465 2162 586 2235 scripsit
608 2161 798 2220 Dominum.
822 2163 953 2218 „Deum
965 2179 1062 2236 gegen
1076 2161 1129 2218 das
1144 2163 1331 2221 Versmsas.“

225 2242 301 2300 At
319 2245 470 2321 ignoravit
492 2247 525 2303 V.
549 2246 584 2303 D.
608 2248 746 2304 carminis
770 2242 897 2305 titulum.
922 2246 1052 2320 Stropha
1060 2248 1239 2322 sequentiae
1261 2265 1330 2304 nor-

224 2326 387 2390 nuum
402 2332 530 2407 septima
545 2331 638 2389 XXII.
656 2331 840 2406 syllabarum
857 2337 910 2390 est.
940 2332 971 2389 Si
995 2332 1130 2405 legamus
1154 2331 1330 2389 dominum

223 2392 341 2473 XXV
370 2418 595 2491 conspiciuntur
624 2418 766 2491 syllabae.
821 2418 932 2475 Contra
960 2434 1020 2472 una
1048 2424 1096 2474 est
1126 2417 1329 2491 exstirpanda:

218 2487 388 2559 fortasse
410 2501 572 2578 legendum
594 2520 660 2559 nos
683 2502 904 2560 commenda.
934 2504 962 2560 8.
986 2503 1045 2558 Mo.
1070 2504 1149 2559 Noch
1164 2504 1226 2559 dein
1248 2504 1331 2560 Vers-

215 2586 335 2644 'hau
349 2588 449 2646 tester
471 2588 674 2645 coelestem
686 2587 765 2645 oder
780 2588 821 2645 23
837 2584 907 2659 (Str.
924 2586 954 2653 9)
969 2588 1021 2659 tor
1035 2591 1099 2644 eine
1114 2589 1200 2660 Sylbe
1214 2606 1250 2645 zu
1265 2590 1329 2645 viel.

212 2649 380 2730 Minime
410 2689 482 2730 vero
511 2678 680 2747 congruunt
710 2674 853 2748 strophae
881 2689 948 2728 cum
978 2674 1135 2746 sequentia
1156 2674 1330 2741 normativa,

217 2758 344 2814 euius
360 2762 412 2816 sir.
429 2757 458 2816 8.
473 2757 557 2813 XIIII
573 2757 764 2832 syllabarum,
786 2775 866 2815 nona
880 2756 973 2814 habet
987 2757 1063 2815 XXI.

312 2925 418 2987 ⁸682.
458 2915 581 2998 [Adest
611 2916 712 2983 nobis
743 2916 819 2982 dica
848 2917 941 2983 almo
978 2921 1012 2982 et
1039 2936 1164 2999 magno
1197 2918 1329 3000 gaudio
1426 2942 1429 2951 ·

202 3005 376 3072 blena.
420 3012 749 3088 DegunoMartyre.
795 3011 916 3068 Neale
940 3011 1008 3085 Seq.
1038 3029 1067 3084 p.
1089 3010 1329 3069 225eMissali
1391 3018 1394 3021 ’

211 3079 447 3156 NidrosIensi
472 3097 562 3158 1519.
1012 3093 1014 3098 ’

276 3219 311 3276 ·I.
333 3216 433 3276 Adest
454 3217 540 3274 nobis
564 3215 628 3272 dies
651 3215 730 3271 alma
752 3219 783 3271 et
804 3231 913 3288 magno
937 3213 1047 3288 gaudio
1069 3214 1168 3288 plena,

280 3303 310 3362 2.
333 3302 369 3359 In
391 3318 452 3377 qna
473 3307 579 3359 sancta
600 3300 664 3357 Deo
687 3304 775 3374 grata
797 3298 967 3373 congaudet
989 3298 1136 3357 Ecclesia.

282 3387 310 3446 3.
334 3387 432 3444 Hodie
454 3387 595 3445 coelestis
618 3385 711 3442 turba.
726 3385 873 3451 laetatur,
903 3401 981 3459 quae
1011 3384 1136 3459 gloriam
1171 3387 1273 3439 cant-st
1301 3384 1331 3438 in

415 3472 541 3529 excelsis
564 3488 639 3528 voce
661 3467 819 3526 dulcisona
842 3486 909 3525 cum
933 3468 1127 3543 symphonia:

279 3558 310 3622 4,
334 3554 432 3615 Hodie
456 3558 592 3632 polorum
628 3560 733 3611 sancta
754 3556 873 3628 agmina
903 3552 1073 3612 collaudant
1100 3552 1214 3627 Regem
1235 3552 1332 3609 Deum

414 3647 550 3700 nostrum
570 3644 674 3697 natum
696 3657 732 3696 ex
753 3639 874 3714 Virgine
898 3644 1001 3697 sancta
1022 3639 1127 3695 Maria.

279 3726 399 3786 &Ave
420 3727 532 3802 iuclyte
554 3730 669 3799 martyr
690 3725 810 3792 Christi,
834 3724 880 3792 N,
903 3725 960 3780 ilos
982 3723 1191 3798 pulcherrime,

186 3800 195 3808 ”
280 3812 309 3873 s.
332 3812 379 3869 Tu
401 3814 530 3888 vestigia
545 3811 657 3868 Christi
680 3814 803 3867 secutus
827 3826 860 3866 es
881 3814 981 3866 mente
1004 3808 1128 3867 devota:

280 3896 311 3957 7.
334 3885 461 3955 Aeterni
482 3899 564 3971 regis
588 3894 717 3969 adeptus
742 3911 774 3951 es
798 3911 900 3969 regna.
1311 3937 1318 3950 .

279 3982 310 4042 8„
328 3981 404 4050 Iam,
418 3983 580 4058 gratulatu
601 3983 631 4039 in
654 3978 742 4038 domo
765 3994 895 4052 superna
917 3977 1076 4052 possidens
1100 3977 1189 4036 sedes
1213 3977 1310 4035 almas

283 4066 312 4126 9.
337 4067 591 4143 Tc.postulamus
616 4068 647 4123 et
667 4066 820 4139 poscimus
843 4081 911 4124 uua,
1115 4121 1120 4130 ,

228 4139 313 4210 10.
337 4151 459 4227 Adjuva
479 4156 532 4210 tuo
555 4154 661 4210 sancto
684 4149 826 4223 suffragio
848 4147 984 4222 fragilem
1005 4149 1098 4206 sitam
1118 4152 1265 4205 nostram:

233 4222 312 4294 11.
336 4237 485 4305 Obeate,
509 4254 527 4292 o
551 4240 655 4293 sancte
676 4234 724 4303 N,
746 4251 801 4308 pro
825 4234 910 4290 noble
934 4233 1080 4307 supplica,

241 4311 313 4380 12
335 4321 376 4380 Ut
396 4339 457 4378 una
477 4337 645 4379 mereamur
667 4324 773 4376 sancta
797 4319 940 4376 coelorum
961 4319 1076 4393 templa

246 4395 313 4464 18.
333 4404 505 4482 Possidere,
527 4406 606 4470 laeti¹
620 4408 777 4468 cernentes
873 4467 876 4472 ¹

315 4503 425 4550 Daniel
446 4505 533 4558 ,iiim
547 4503 627 4562 flymn.
643 4503 668 4547 V.
1071 4473 1111 4551 22⁴
