3242 5134
275 673 307 733 ³.
330 671 408 731 Nam
430 676 499 729 ante
520 671 608 730 huius
630 671 731 732 mundi
753 673 875 732 exordia
894 676 926 732 in
947 680 1032 751 patre
1055 676 1187 736 callebas
1212 678 1328 753 sophia,

274 760 313 820 4:
331 759 392 817 Per
413 758 605 901 quamhhfaota
626 765 696 816 sunt
717 762 825 831 omnia,
848 778 986 838 quaeque
1008 764 1122 837 profert
1143 763 1252 837 triplex
1266 782 1328 822 ma·

456 860 481 901 ·e
535 859 560 903 a.

276 930 310 992 5.
334 928 392 1002 Qui
421 945 546 988 cernens
575 931 728 988 immersos
759 917 826 988 esse
854 932 995 989 barathro
1026 938 1078 990 tua
1100 950 1176 1008 quos
1203 932 1329 992 adornat

277 1097 279 1101 Ι
346 1098 349 1102 ι
463 1016 578 1089 imago,
608 1022 732 1089 propter
753 1034 808 1073 nos
830 1018 928 1075 faetus
951 1035 983 1074 es
1006 1017 1113 1087 homo,
1136 1024 1170 1076 ut
1191 1036 1246 1075 nos
1270 1020 1329 1076 sol-

391 1101 394 1110 '
448 1109 549 1158 'seres
573 1103 717 1175 sanguine
739 1108 800 1159 tuo.

278 1188 311 1250 6.
333 1186 416 1284 Haeo
437 1183 553 1262 pridem
574 1187 703 1261 signavit
725 1187 780 1244 sub
803 1193 877 1262 typo
898 1187 983 1245 Isaac
1006 1190 1138 1262 parentis
1160 1190 1255 1252 nostri
1276 1191 1329 1247 im·

361 1297 364 1301 ·
395 1298 397 1302 ·
465 1271 594 1340 molatio,
618 1273 804 1329 mactabatur
827 1275 903 1330 aries
926 1290 981 1348 pro
1005 1291 1064 1348 quo
1088 1273 1214 1333 domino.

279 1359 312 1420 7.
334 1354 544 1428 Ta'christe,
578 1373 737 1432 passurum
769 1376 825 1432 pro
855 1358 965 1415 mundo
997 1358 1108 1433 Ioseph
1140 1361 1329 1433 praenotavit
1435 1344 1441 1353 ’

464 1441 602 1501 venditus
623 1445 653 1498 in
676 1444 834 1517 Aegypto,
871 1461 948 1499 nuno
979 1442 1116 1501 daturum
1145 1446 1263 1519 typicos
1287 1446 1329 1502 vi-

465 1533 532 1585 ctus
553 1527 673 1602 popule.

244 1650 251 1659 ·
281 1618 313 1678 8.
335 1614 412 1674 Nam
430 1614 530 1671 fueras
545 1614 765 1690 praefiguratus
779 1614 925 1671 infernum
938 1614 1097 1683 fracturus,
1121 1632 1188 1672 eum
1204 1614 1329 1674 Samson

455 1700 511 1772 *uir
539 1700 666 1756 inuictus
695 1699 811 1756 leonem
841 1700 997 1757 suffocavit
1027 1704 1057 1757 et
1079 1705 1181 1773 portas
1204 1699 1329 1757 hostiles

385 1793 387 1800 '
467 1783 601 1859 disrupit.
1446 1772 1449 1778 ’

282 1869 391 1940 §.¹¹1'it,
411 1868 541 1938 domine,
565 1887 597 1927 es
620 1885 711 1927 suave
732 1870 844 1926 rubens
865 1869 943 1926 sslius
965 1870 1021 1925 flos
1043 1871 1155 1943 virgae,
1179 1886 1268 1945 quam
1286 1869 1331 1925 fu-

282 1948 291 1960 *
468 1954 515 2013 dit
532 1954 615 2026 radix
636 1955 718 2012 Iesse
740 1971 888 2029 generosa
910 1957 1050 2029 germine,
1074 1973 1133 2030 quo
1156 1960 1225 2011 sunt
1246 1970 1332 2027 prae·

376 2043 390 2090 '.
469 2039 568 2099 bonati
589 2042 763 2115 prophetae.

271 2130 316 2196 lt).
336 2128 422 2187 naec
443 2129 553 2185 nostris
575 2131 790 2201 praenotantur
802 2126 946 2200 patrituo,
970 2123 1182 2199 oredemptor,
1206 2140 1261 2182 eeu
1276 2124 1332 2180 sub

289 2215 293 2230 '
370 2235 394 2246 ··
468 2214 573 2270 umbra
593 2214 745 2286 primitus,
782 2227 859 2285 quae
890 2228 944 2267 nos
967 2212 1065 2268 verius
1095 2215 1126 2266 te
1148 2214 1333 2266 monstrante

441 2309 443 2313 “
470 2300 625 2357 cernimus.
857 2284 864 2295 ’

278 2385 318 2446 ll.
336 2384 390 2443 Tu·
406 2391 515 2443 cuneta
536 2383 641 2458 procul
661 2383 749 2459 sugas
770 2382 881 2453 nubila,
903 2387 1001 2438 terrae
1023 2378 1152 2438 reddens
1174 2380 1218 2460 tui
1231 2379 1333 2437 vultus

296 2479 298 2484 ·
471 2470 590 2537 lumina,
614 2486 691 2544 quae
713 2473 810 2525 morte
833 2473 885 2525 tua
906 2467 1080 2524 fuscabatur
1097 2464 1236 2544 tremula.

285 2556 321 2617 12.
340 2556 418 2634 Eece
448 2574 526 2613 nune
555 2556 715 2629 perspicuo
747 2558 856 2610 cuncta
885 2557 1027 2609 ornantur
1049 2551 1196 2608 elementa
1218 2566 1332 2617 sereno,

329 2647 335 2680 -'
364 2641 367 2648 '
433 2647 437 2676 ³
473 2641 543 2718 qnia
564 2634 669 2697 redisti
690 2640 786 2696 vietor
806 2638 956 2696 barathro.

289 2726 416 2787 lallino
440 2733 556 2793 etune,
579 2744 597 2781 0
620 2726 707 2793 socii,
743 2728 842 2781 mente
865 2721 1014 2778 dominum
1041 2723 1157 2777 sincera
1179 2724 1209 2776 et
1230 2718 1333 2775 humili
1376 2768 1380 2773 .

241 2811 245 2818 ’
393 2845 397 2849 -
473 2812 560 2870 simul
581 2810 736 2867 laudemus
759 2811 888 2867 carmine
910 2809 977 2864 tali:

276 2895 328 2958 'lt
345 2898 487 2976 Sitpatri
508 2898 573 2954 laus
597 2914 726 2962 summo,
764 2896 813 2968 qui
843 2894 945 2948 levans
975 2893 1128 2952 criminum
1157 2907 1217 2958 nos*
1240 2905 1334 2945 coeno

372 2973 389 3040 ¹.
468 2969 562 3040 ¹haud¹
577 2982 711 3055 pepercit
732 2980 852 3053 proprio
875 2980 997 3050 propter
1018 2976 1136 3029 uosmet
1156 2970 1224 3025 filio.
1267 2966 1270 2970 ’

293 3065 329 3144 lt.
346 3068 423 3139 Laus
446 3083 566 3145 quoque
589 3068 628 3122 sit
648 3071 735 3131 nato,
772 3080 826 3136 pro
849 3060 933 3116 nobis
964 3059 1013 3132 qui
1036 3058 1132 3113 sactus
1162 3058 1210 3110 est
1234 3052 1334 3114 homo,

297 3201 303 3208 .
475 3158 511 3216 ut
529 3152 650 3222 soluens
671 3168 726 3206 nos
748 3153 860 3205 tartaro
882 3143 1022 3201 redderet
1043 3138 1191 3215 paradiso.
1257 3159 1264 3175 i

241 3271 249 3328 p
297 3221 445 3302 ltss'tlorla
468 3221 589 3314 c'ompar
610 3238 649 3294 sit
669 3234 823 3309 pneumati
844 3248 917 3288 aevo
941 3229 1027 3285 omni.

305 3385 332 3436 5:'l
357 3358 493 3438 Monet,
514 3376 544 3433 p
570 3355 644 3432 199:
688 3354 739 3410 Hs.
766 3371 802 3410 zu
833 3351 874 3408 St.
904 3349 1003 3405 Gallea
1032 3345 1083 3401 No.
1110 3340 1183 3399 380.
1204 3357 1235 3415 p.
1265 3336 1355 3394 2641

241 3471 242 3478 ¹
300 3431 452 3526 litl'sltrha'·
471 3446 522 3502 mit
542 3443 677 3521 Naaman.
727 3438 815 3496 Uater
837 3434 962 3493 Notlcers
984 3431 1159 3504 Sequenzea.
1202 3423 1339 3482 Auctio

302 3526 492 3612 titteaffiffde
530 3530 570 3586 tet
592 3526 656 3604 utor
692 3524 851 3596 amyntae
879 3520 959 3577 Retm
999 3516 1182 3589 zapetzssea,
1219 3510 1273 3565 mie
1295 3508 1339 3563 boi

304 3593 683 3689 balatef‘trtampnan'te'm
708 3609 850 3668 Christum
873 3605 937 3669 (No.
961 3600 1039 3667 43),
1074 3617 1106 3654 es
1127 3595 1259 3669 zeiohnat
1278 3591 1340 3660 stola

305 3698 356 3757 aler
371 3721 422 3760 m
447 3700 539 3759 durat
559 3699 639 3755 seiae
660 3693 851 3766 vollsttndiqe
873 3688 1045 3760 Boeotaque,
1082 3681 1187 3739 melote
1214 3679 1259 3735 bei
1284 3675 1340 3733 sol-

307 3780 363 3842 tlea
375 3787 496 3847 ladem
517 3781 692 3859 pervolarint
711 3779 795 3852 fehlt.

717 3942 819 3952 ...qa—..m
827 3939 892 3948 ...n-0
902 3938 911 3945 ο

326 4022 583 4133 '‘fla'‘[ttr'aeee
610 4042 783 4111 salvatori
804 4037 943 4121 sacrepi
966 4027 1107 4102 Christo
1129 4017 1233 4094 Deo(
1260 4031 1347 4090 Faria

314 4135 646 4227 lfflh‘P'asahat'ia
674 4137 708 4196 B.
729 4133 911 4198 Notkeri‚
935 4125 1027 4186 tituli:
1055 4126 1135 4183 Duo
1157 4111 1259 4187 tros]

333 4257 628 4338 [litotessaluatori
649 4275 685 4316 ao
706 4256 771 4329 regi
793 4253 912 4309 Christo
934 4249 997 4306 Deo
1022 4246 1139 4303 solvant

334 4340 355 4401 ²·
371 4345 469 4408 Omnes
490 4347 653 4406 insularum
674 4340 797 4404 incolae,

334 4425 454 4504 &Qum
475 4436 645 4516 flpettttunu
667 4427 718 4486 diu
739 4427 797 4484 iam
818 4424 932 4479 tenent.
