3242 5134
237 671 277 729 ad
298 672 393 747 Alpes
415 681 613 747 propagasse.¹
653 672 802 731 Innumeri
826 674 981 733 exstabant
995 674 1102 735 Adami
1123 680 1301 738 imitatores:

239 759 291 835 qni
312 760 342 815 in
365 757 439 815 000
460 773 602 815 annornm
632 757 760 816 decursu
788 759 924 824 Missalia
951 762 1119 821 omnimoda
1135 775 1324 840 'prosarum'

238 844 388 919 farragine
409 842 579 917 implebant.
617 844 640 899 E
656 845 763 919 quibus
778 844 889 903 multae
903 864 962 903 non
974 849 1184 923 'spernendum
1204 852 1304 908 locum

240 927 295 985 sibi
316 928 480 986 vindicant:
504 945 559 986 nec
587 935 702 998 tamen,
733 931 827 988 tribus
856 938 1021 1006 quatuorve
1051 938 1183 1010 exceptis
1212 934 1249 1002 (e.
1273 954 1301 1011 g.

187 1051 191 1057 -
238 1014 354 1071 Thema
376 1014 412 1070 de
428 1014 547 1083 (lelano,
571 1014 600 1071 S.
617 1015 731 1072 Tboma
745 1016 918 1091 Aquinensl,
941 1018 1049 1076 Iacobo
1071 1020 1106 1077 de
1122 1021 1302 1089 Benedictis,

238 1100 368 1156 ilenrico
389 1099 517 1167 Pictore)
539 1116 606 1157 cum
621 1099 736 1158 Adamo
759 1102 975 1177 comparandus
986 1105 1094 1162 iterum
1110 1108 1230 1163 exstitit.
1260 1106 1303 1165 Ex

239 1202 274 1242 eo
297 1190 431 1259 tempore
453 1186 649 1244 Nothen'anas
672 1204 778 1260 prosas
806 1190 1002 1262 paucissimos
1030 1192 1179 1250 invenisse
1208 1193 1303 1250 imita·

240 1276 322 1328 toras
345 1272 452 1328 nemini
474 1289 534 1329 non
555 1276 657 1328 notum
680 1278 734 1330 est.
1014 1320 1039 1368 Ὁ

323 1408 358 1465 In
380 1414 440 1465 tam
461 1411 617 1467 immanem
639 1408 856 1468 multitudinem
885 1414 1107 1487 sequentiarum
1136 1416 1230 1474 creuit
1251 1433 1304 1473 nu·

238 1510 348 1561 merus,
370 1499 491 1571 tamque
513 1496 638 1551 inscitae
661 1501 692 1553 et
717 1495 927 1555 immodulatae
949 1498 1111 1574 pleraeque
1134 1507 1303 1570 evaserunt,

213 1579 433 1660 ¹utSynodus
456 1572 625 1637 Coloniensi
661 1579 709 1648 td.
724 1582 758 1637 D.
786 1580 876 1648 1536)
899 1582 1072 1641 minuendas
1087 1585 1297 1643 reformandae·

203 1717 210 1725 .
237 1682 297 1740 que
321 1682 373 1723 eas
396 1664 519 1721 duxerit.
563 1666 636 1722 Peni
671 1685 685 1723 s
709 1669 786 1724 enim
806 1668 993 1726 intolerabile
1020 1675 1098 1738 erat,
1123 1688 1227 1728 versus
1250 1671 1304 1728 hu·

237 1748 410 1817 iusccmodi,
434 1768 509 1826 quos
531 1752 561 1808 in
582 1751 698 1809 Missali
719 1751 932 1827 audegavensi
957 1756 1071 1822 inveni,
1101 1755 1139 1811 ab
1168 1756 1304 1813 Ecclesia

238 1841 375 1892 cantatos
399 1853 482 1893 esse:
528 1836 653 1907 „Clarus
679 1837 941 1912 Andegavensium
969 1839 1083 1896 Psallat
1113 1858 1180 1898 cnm
1206 1847 1303 1897 turma

238 1922 361 1983 civium:
386 1920 473 1991 Quod
486 1921 623 1979 Mauricii
642 1921 795 1979 brachium
810 1922 903 1980 Nobis
918 1926 997 1982 misit
1011 1925 1195 1999 Byzantium.
1227 1924 1303 1980 Onn-

238 2007 502 2084 stantinopolitana
517 2006 629 2066 Civitas
652 2007 702 2064 diu
722 2009 847 2081 profana
865 2009 1027 2064 Manserat.
1064 2010 1103 2064 Et
1125 2008 1232 2064 duritia
1253 2024 1304 2064 ve·

207 2121 210 2125 ·
238 2109 311 2149 sana
325 2086 473 2165 Dogmata
495 2108 581 2149 sacra
602 2092 736 2151 Romana
757 2092 926 2165 Spreverat.
963 2093 1069 2149 Franci
1091 2093 1183 2149 sortes
1206 2093 1325 2159 acciu&

236 2181 348 2252 guntur
369 2177 490 2244 Venetis
513 2178 667 2244 associati,
695 2176 802 2233 Villam
828 2176 905 2232 hanc
933 2176 1162 2251 aggrediuntur:
1186 2176 1304 2234 Cadunt

238 2262 347 2322 Graeci
368 2263 509 2336 superati.
554 2260 768 2335 Archipraesul
789 2260 989 2335 Philippensis
1012 2261 1129 2319 Genera
1143 2262 1304 2319 Rothoma·
1406 2279 1408 2284 ·
1441 2348 1447 2358 .

238 2349 340 2424 gensis
362 2348 483 2404 Francis
507 2354 594 2420 opem
609 2345 758 2419 praebuit:
783 2346 820 2401 Et
843 2344 985 2402 derebus
1008 2348 1137 2422 civitatis
1161 2347 1206 2404 Ob
1229 2364 1304 2405 mar-

239 2432 344 2490 cedem
364 2431 521 2507 probitatis
546 2431 627 2504 Opes
650 2425 758 2487 multas
781 2425 914 2486 habuit.“
939 2436 995 2487 etc.
1039 2431 1081 2487 At
1102 2432 1305 2489 ln'Resorma-

237 2520 319 2575 tione
340 2517 471 2574 Missalis
499 2515 627 2573 Romani,
652 2515 765 2572 indices
793 2519 854 2571 tam
877 2517 1001 2591 *iniquos
1033 2534 1066 2573 se
1096 2534 1169 2591 erga
1198 2534 1305 2591 prosas

238 2605 486 2668 momtraverunt,
510 2606 543 2656 ut
565 2618 676 2668 omnes,
699 2601 782 2657 hisce
806 2602 1057 2674 exceptis-Veni
1075 2602 1209 2659 Sancte
1232 2602 1306 2676 Spi-

238 2690 348 2755 ritus,
382 2688 559 2744 Victimae
581 2685 766 2753 Paschali‚
802 2684 927 2741 Lauda
957 2686 1040 2744 Sion
1070 2686 1303 2753 Salvatorem,

239 2769 323 2830 Dies
346 2773 435 2837 irae,
459 2769 635 2837 deleverint;
658 2770 739 2844 quod
765 2772 981 2824 maximarum
1002 2776 1104 2841 strage
1126 2772 1170 2824 rei
1191 2771 1306 2840 liturgi-

241 2875 294 2916 cae
315 2857 428 2916 factum
451 2871 528 2921 esse,
551 2872 637 2911 nemo
661 2860 708 2911 est
730 2854 781 2927 qui
803 2870 863 2908 non
891 2851 1007 2910 viderit.
1053 2851 1126 2921 Quis
1149 2853 1226 2908 enirn
1248 2867 1307 2907 non

241 2943 323 3000 dolet
344 2958 451 3016 prosas
473 2938 510 2995 ab
525 2940 662 2996 Ecclesia
683 2938 838 2994 damnatas
858 2937 960 3004 fuisse,
984 2953 1061 3010 quae
1083 2954 1142 2993 non
1166 2938 1228 2992 sine
1250 2935 1307 2991 fer-

240 3028 413 3087 ventissimo
444 3024 541 3081 cordis
572 3024 670 3080 studio
700 3024 749 3082 vel
778 3024 838 3096 legi
859 3024 1006 3096 possunt?
1050 3022 1198 3094 Exemplis
1222 3024 1306 3077 sunt:

240 3115 301 3181 illa,
325 3128 402 3188 quae
425 3127 540 3168 omnem
569 3108 688 3166 laudem
716 3112 851 3181 superat,
876 3106 1038 3179 Sequentia
1064 3105 1254 3162 Alleluiatica
1276 3104 1306 3160 S.

240 3198 377 3255 Notkerl:
405 3195 528 3254 Sancti
556 3195 720 3268 Spiritus
748 3191 845 3248 adsit
872 3190 976 3249 nobis
1008 3192 1143 3265 gratia;
1174 3185 1308 3246 eiusdem
1421 3191 1424 3196 ⁴

242 3283 388 3341 Psallat
418 3280 604 3347 Ecclesia;
646 3277 752 3334 Adami
785 3277 893 3350 Zyma
928 3279 1034 3333 vetus
1068 3278 1308 3349 expurgatum

242 3370 327 3425 Heri
348 3365 715 3430 mundus-exultavit
749 3362 861 3432 Quam
894 3360 1033 3416 dilecta
1059 3359 1308 3426 tabernacula,

234 3453 274 3511 'et
296 3457 454 3511 sexcentae
477 3448 594 3516 aliae.*)

220 3597 223 3602 ·
326 3572 372 3630 De
395 3568 511 3626 duobus
541 3568 770 3645 sequentiarum
795 3565 955 3641 generibus
977 3543 1053 3622 haec
1084 3564 1309 3622 Clichtovaens:

246 3657 361 3728 „Prosa
382 3656 589 3714 ecclesiastica
611 3652 774 3716 secundum
804 3652 965 3725 specialem
986 3652 1131 3709 rationem
1152 3648 1240 3710 modo
1263 3665 1312 3708 ex·
1351 3722 1354 3729 .

248 3803 450 3811 —---—-—-—

312 3885 338 3951 *)
359 3883 520 3952 Sequentiis
544 3897 560 3935 e
577 3882 703 3934 Romana
727 3880 848 3934 ecclesia
866 3879 989 3947 expulsis
1012 3878 1153 3946 retugium
1171 3881 1199 3931 ct
1211 3879 1312 3945 portus

245 3957 306 4007 erat
324 3952 445 4007 ecclesia
462 3950 632 4003 Lutherana.
667 3948 776 4001 Etenim
806 3963 862 4000 non
884 3948 976 4001 nullae
999 3946 1118 4014 publicis
1144 3945 1246 3999 ritibus
1263 3943 1312 3997 ad·
1358 3959 1360 3963 ·

244 4022 351 4075 hibitae
368 4023 442 4082 suut,
461 4018 617 4088 permultae
635 4017 820 4085 capitulorum
839 4014 1048 4070 cathedralium
1071 4013 1169 4067 officiis
1192 4011 1312 4080 privatis
1374 4080 1377 4086 .

197 4118 199 4121 v
244 4088 442 4143 inservierunt.
486 4086 525 4139 Ut
543 4086 697 4152 exemplum
719 4086 846 4154 afferam,
866 4083 1017 4151 capitulum
1038 4082 1092 4135 insi
1135 4082 1158 4133 's
1176 4078 1312 4134 ecclesiae

244 4156 493 4213 Halbarstadensis
511 4161 625 4221 practer
642 4154 727 4205 horas
740 4153 891 4205 canonicas
910 4149 1036 4218 quotidie
1050 4154 1192 4208 mutatas,
1212 4146 1312 4199 diebus

246 4225 393 4279 dominicis
411 4242 445 4278 ac
461 4223 572 4276 festivis
594 4221 709 4275 missam
727 4219 882 4274 celebravit
899 4216 1097 4280 Lntheranam‚
1117 4217 1258 4269 Romanae
1276 4214 1312 4267 sd

247 4288 338 4347 Credo
352 4308 386 4345 us
407 4307 442 4344 ue
456 4290 541 4356 (inci)
575 4289 761 4355 edisseqnam.
786 4288 820 4340 In
837 4287 880 4339 his
894 4286 1030 4339 missiset
1044 4283 1212 4353 Sequentlae
1222 4282 1313 4336 lectae

250 4363 322 4415 sunt.
358 4309 445 4413 Liber
471 4357 538 4411 Ritu
568 4358 591 4409 ‘s
617 4355 868 4409 Halberstadensis
895 4354 992 4431 decern
1022 4354 1107 4406 habet
1132 4349 1313 4418 Sequentias:

247 4428 307 4482 Eia
322 4428 526 4489 recolamus,
544 4425 740 4479 Exultemus
753 4422 931 4493 paritate,
944 4421 1050 4475 Notus
1062 4422 1143 4473 ante
1159 4419 1312 4481 saecula,
