3242 5134
256 666 517 730 lamma-uersas.
535 671 611 732 istos
632 676 666 728 tu
687 673 747 732 noli
769 675 813 732 sic
828 633 1060 753 ¹interpungere:
1100 721 1104 728 .

269 780 275 785 ’
342 763 509 868 Ecclesiam
609 793 717 849 vestris
740 791 882 853 doctrinis
926 796 1119 856 illuminatam

324 869 402 930 “Per
421 867 564 932 circulum
608 880 707 935 terrae
728 884 870 952 precatus
926 880 1170 975 adiuvet‘vester

217 1030 232 1043 .
256 992 310 1068 qui
329 994 432 1068 potius
454 987 498 1051 s'ic
520 979 633 1054 excudi
648 995 769 1055 debent:
990 1079 995 1090 ι
1038 1067 1041 1072 ,

168 1095 178 1121 ’
257 1091 333 1188 3³
409 1113 575 1172 mennam
596 1118 704 1174 vestus
797 1107 938 1178 doctrinis
960 1122 1154 1181 illuminatam
1266 1115 1269 1120 '

408 1197 468 1257 Per
489 1201 632 1283 circulum
653 1207 750 1261 terrae
795 1212 936 1280 precatus
958 1206 1079 1266 adiuret
1099 1213 1209 1268 vester.

255 1345 375 1428 Cadunt
390 1358 472 1414 certe
487 1356 532 1413 vis
548 1359 578 1414 et
593 1358 744 1433 emphasis
760 1362 925 1418 sententiae
940 1363 970 1418 in
989 1364 1123 1420 vestris
1147 1368 1178 1420 ei
1192 1351 1323 1425 vester'.

257 1435 386 1496 Sanctus
408 1435 563 1515 apostolos
586 1443 664 1501 enim
686 1433 788 1502 e'rorat
809 1450 910 1521 poeta,
933 1452 967 1504 ut
989 1464 1078 1521 quam
1101 1445 1242 1507 doctrinis
1263 1453 1340 1508 suis·

255 1524 328 1580 olim
356 1524 519 1582 erudierint
548 1528 721 1598 ecclesiam,
758 1547 825 1613 eam
854 1537 885 1588 et
913 1539 991 1591 nunc
1022 1536 1083 1590 suis
1105 1532 1244 1608 precstrus
1267 1553 1338 1593 nou.

255 1612 397 1667 omittant
418 1610 567 1669 adiuvare.
611 1613 738 1692 Iterum:

361 1730 445 1789 Haec
469 1733 572 1792 domus
588 1733 674 1791 aulae
697 1735 837 1794 coelestis
881 1736 1026 1812 probatur
1046 1740 1199 1814 particeps

360 1816 396 1873 In
416 1817 505 1877 laude
527 1821 608 1898 regis
631 1820 782 1877 coelorum
884 1827 914 1879 et
936 1825 1139 1880 caeremoniis.

255 1968 324 2040 Quo
345 1969 423 2030 bene
446 1972 605 2031 observato
629 1938 759 2031 occurrit
781 1976 902 2048 saepius
924 1949 1081 2033 levissima
1089 1976 1223 2043 mutatio,
1247 1942 1340 2050 auae·

252 2060 383 2117 metrum
404 2073 502 2133 aeque
525 2076 560 2116 ac
582 2060 762 2116 senteutiam
783 2058 914 2117 adiuvat.
959 2060 1102 2141 Legimus
1116 2060 1147 2116 iu
1163 2059 1325 2136 Sequentia
1354 2095 1357 2100 -

252 2138 295 2205 de
316 2140 369 2200 SS.
392 2139 619 2228 Innocentibus:

298 2260 447 2319 Recentes
470 2268 561 2336 atque
585 2262 679 2318 teneri
701 2263 808 2319 milites
825 2251 839 2338 ΙΙ
853 2262 1022 2322 Herodiano
1045 2280 1117 2323 ense
1140 2261 1282 2324 trucidati
1301 2309 1303 2314 -

251 2346 254 2351 ’
408 2351 440 2404 te
460 2345 552 2405 hodie
572 2344 821 2421 praedicaverunt
1204 2368 1211 2380 ι

299 2430 385 2489 Licet
412 2430 541 2490 necdum
569 2435 732 2506 potuerunt
758 2431 894 2507 lingnula
916 2421 930 2511 ΙΙ
953 2429 1095 2492 effusione
1118 2439 1218 2492 tamen
1239 2439 1281 2504 te,
1322 2444 1327 2457 ¹

409 2515 537 2586 Christe,
561 2518 606 2574 eui
629 2517 782 2592 sanguinis
803 2520 977 2592 praeconati
1001 2524 1078 2577 sunt.

251 2668 481 2727 Intercisionam
501 2689 561 2728 uon
582 2672 640 2728 nisi
660 2687 750 2727 unam
772 2673 938 2737 sentcntiae
961 2689 1067 2729 versus
1089 2673 1218 2747 patitur:
1257 2673 1323 2747 quis

252 2752 337 2811 enim
356 2754 438 2811 huuc
460 2756 490 2811 iu
511 2754 631 2812 modum
651 2756 786 2830 legeret?

301 2873 452 2932 Recentes
474 2878 565 2947 atque
587 2874 683 2930 teneri
701 2860 706 2948 Ι
725 2873 834 2930 milites
856 2871 1026 2929 Herodiano
1045 2860 1050 2948 Ι
1070 2887 1142 2929 cnse
1164 2870 1303 2930 trucidati

338 2968 341 2972 ’
408 2964 440 3015 te
461 2957 553 3016 hodie
574 2956 826 3032 praedicaverunt
899 3000 901 3004 -

299 3044 386 3104 Licet
406 3040 534 3102 necdum
554 3047 716 3117 potuerunt
740 3030 745 3119 Ι
771 3041 908 3122 lingnula
935 3041 1078 3098 effusione
1102 3028 1107 3117 Ι
1131 3045 1230 3100 tamen
1253 3044 1282 3095 te
1327 3077 1341 3145 -Ι
1457 3098 1463 3108 ,

378 3174 381 3178 .
412 3121 531 3200 Christe
554 3128 599 3185 sui
622 3129 776 3208 sanguinis
797 3127 971 3201 praeconati
994 3127 1099 3208 sunaj

255 3281 320 3342 Sed
339 3243 497 3341 inuium
524 3281 659 3339 clausula
687 3281 976 3355 circumspiciamus,
997 3269 1131 3334 'au'nou
1153 3277 1183 3334 iu
1204 3274 1327 3350 aliquod

255 3369 384 3429 verbum
411 3367 560 3425 'ambobus
592 3365 730 3424 uersibus
768 3382 922 3423 commune
953 3364 999 3421 via
1032 3364 1198 3420 sententiae
1231 3360 1327 3419 cadat

256 3456 442 3526 Certissima
465 3471 501 3513 ex
522 3458 558 3510 te
581 3447 677 3520 omne,
701 3449 846 3527 quidquid
867 3448 969 3517 idest,
993 3445 1141 3536 dependit
1185 3447 1231 3503 Tu
1254 3464 1326 3523 ergo

258 3558 303 3597 suc
326 3554 475 3616 comgas:
1321 3568 1332 3579 x

301 3660 452 3716 &centes
474 3663 566 3733 atque
588 3657 684 3714 teneri
704 3656 814 3712 milites
833 3643 838 3731 Ι
858 3651 1027 3721 Herodiano
1050 3668 1122 3709 ense
1144 3649 1284 3710 trucidati
1302 3639 1309 3726 Ι
1335 3723 1340 3727 =
1412 3706 1415 3713 ,

249 3743 263 3751 “
383 3732 392 3773 3
412 3744 446 3803 b
466 3742 557 3802 hodie
578 3741 827 3818 praedicaverunt

303 3830 389 3889 Licet
410 3827 545 3904 necdum
559 3833 721 3906 potuerunt
742 3826 878 3901 lingnula
896 3813 901 3901 Ι
921 3824 1063 3881 effusione
1086 3827 1186 3880 tamen
1209 3819 1327 3878 Christe

414 3912 461 3971 sui
478 3900 484 3992 Ι
501 3913 709 4000 tp-aaugudnis
731 3911 905 3988 praeconati
928 3914 1005 3967 sunt.

212 4074 215 4077 ’
258 4069 389 4138 velita,
412 4071 536 4125 utloum
562 4066 697 4127 Bentleio
726 4067 842 4141 loquar,
865 4064 994 4138 scripsit,
1017 4061 1065 4120 uel
1080 4059 1183 4116 debuit
1197 4054 1327 4114 scribere

260 4162 361 4230 poeta.
398 4153 521 4211 Hadem
542 4152 580 4209 de
603 4169 696 4210 causa
717 4152 828 4208 nollem
849 4149 1069 4207 intercisionem
1091 4147 1169 4202 inter
1190 4141 1329 4198 substau-

226 4229 230 4240 “
260 4242 356 4298 tivum
378 4244 409 4297 et
431 4257 518 4297 auum
540 4238 720 4297 adieetivum
740 4238 940 4310 interponere,
963 4233 1035 4299 nisi,
1068 4228 1149 4305 quod
1171 4242 1262 4299 saepe
1284 4224 1327 4291 iit,

262 4315 406 4385 venustas
428 4327 595 4384 sententiae
616 4326 659 4383 ita
676 4322 820 4398 postulat.
865 4319 1047 4395 sequentem
1062 4333 1088 4373 e.
1104 4334 1132 4390 g.
1148 4310 1328 4386 Sequentiae

264 4410 484 4470 Pentecoetalis
506 4429 627 4478 versum
648 4409 706 4466 hoc
722 4405 818 4486 modo
840 4404 1019 4464 ordinarem:

315 4510 519 4565 vantsumu.
533 4511 611 4568 nmo.
625 4508 650 4551 v.
1127 4489 1145 4545 2
