3242 5134
685 499 834 577 -rl

364 691 418 749 .Ut
438 692 528 748 liceat
550 689 662 746 serenis
692 687 810 745 actibus
829 676 980 787 lpleuiter
1009 644 1082 745 111

299 818 346 878 VI‘
378 763 1018 934 1111οὲ11ῑοῖ11.Ξὲἓαῆζῗξοὲιιῗιῖέωεςυὶε
1039 860 1069 914 iu
1100 806 1346 887 ¹⁰†7†⁷=²4

462 938 575 1003 horum'
589 942 679 1001 laude
698 933 703 1020 Ι
724 961 756 1000 se
786 949 905 1001 exercet
930 960 1067 1018 propere.

362 1065 423 1122 Vll.
448 1065 508 1122 Sed
533 1064 725 1121 aeternaliter
747 1081 814 1119 cum
836 1063 949 1120 eisdem
972 1065 1099 1121 catervis
1116 1070 1215 1121 tecum
1230 1066 1269 1121 sit
1292 1063 1344 1121 do-

277 1152 362 1207 mine.
405 1151 456 1207 Vs.
480 1152 595 1224 irresp:

360 1236 423 1293 Iam
445 1253 515 1293 vero
532 1234 734 1310 quaerendum
757 1239 812 1301 est,
837 1252 965 1309 quonam
981 1233 1068 1291 modo
1084 1235 1221 1291 facillime
1245 1241 1276 1291 et
1298 1252 1346 1292 re·

278 1322 408 1377 ctissime
432 1319 560 1378 ordinari
582 1322 699 1394 possint
720 1312 935 1377 intercisiones.
979 1319 1037 1376 Alii
1065 1321 1147 1400 euim
1164 1320 1250 1380 aliter
1273 1320 1346 1379 diui·

279 1411 391 1474 serunt,
415 1423 470 1463 nec
494 1411 577 1462 certo
600 1405 762 1480 quidquam
778 1404 814 1462 de
838 1422 872 1462 ea
894 1419 927 1462 re
950 1406 1041 1462 statui
1063 1409 1172 1479 potest.
1208 1406 1346 1462 Nec-mi-

276 1492 335 1547 rari
356 1509 416 1546 non
437 1508 577 1564 possum,
608 1508 667 1564 quo
695 1485 792 1563 pacto
814 1491 865 1547 Vir
895 1490 937 1547 cl.
960 1490 983 1546 1.
1007 1490 1039 1548 T.
1068 1492 1185 1547 Munius
1214 1483 1287 1547 satis
1312 1508 1345 1547 se

276 1575 467 1649 responsoria
490 1574 619 1631 edidisse
643 1575 698 1631 sibi
720 1577 802 1631 visus
819 1576 865 1642 sit,
889 1593 980 1649 quum
995 1576 1044 1642 nil,
1068 1578 1123 1632 nisi
1146 1576 1227 1650 quod
1250 1577 1347 1633 oculis

275 1677 381 1717 uersus
417 1662 574 1716 intercisos
617 1662 870 1734 repraesentavit,
916 1659 1059 1717 eiusmodi
1104 1678 1193 1735 saepe
1230 1662 1344 1740 iecerit.

276 1745 418 1819 Exemplo
449 1747 488 1801 sit
508 1744 591 1801 Tom.
619 1748 644 1803 1.
672 1746 779 1819 Hymn.
815 1745 882 1803 153.
925 1745 972 1802 Ita
1000 1746 1050 1802 illc
1080 1745 1172 1803 edidit
1202 1752 1233 1804 et
1253 1749 1347 1804 inter-.

276 1832 394 1901 punxit:
898 1839 904 1844 '

313 1949 339 2004 1.
363 1946 442 2021 Agm
463 1950 594 2019 pascalis
795 1972 797 1975 ⁴
844 1952 873 2009 2.
895 1949 1027 2019 Quarum
1041 1951 1122 2007 frons
1133 1951 1163 2007 in
1177 1952 1274 2025 postis
1298 1958 1348 2009 est

364 2049 418 2088 esu
439 2036 574 2106 potuque
598 2033 704 2107 dignos
896 2033 1014 2090 modum
1037 2037 1100 2092 eius
1123 2036 1198 2092 illita

896 2127 1108 2177 sacrosancto
1132 2138 1238 2179 cruore

360 2149 495 2205 Moribus
519 2153 642 2208 sinceris
1289 2208 1295 2221 .
1356 2213 1358 2218 .

896 2210 927 2261 et
949 2210 1014 2262 tuta
1037 2222 1055 2262 a
1077 2205 1162 2262 clade
1191 2224 1344 2281 cauoprca,

230 2305 234 2319 Ι
329 2306 331 2311 Ι
361 2232 526 2309 praebeant
548 2253 650 2292 omnes
674 2253 706 2309 se

362 2320 542 2376 christianae
565 2322 689 2387 animae,
871 2394 872 2397 Ἴ
896 2372 1028 2441 Quarum
1045 2375 1183 2433 crudeles
1203 2377 1308 2435 h0steg
1348 2348 1359 2380 ”

362 2438 420 2494 Pr0
444 2438 552 2512 quibus
577 2456 609 2495 se
633 2438 689 2495 (¹00
889 2459 925 2514 .iu
946 2461 1020 2516 mari
1039 2461 1129 2518 rubro
1153 2468 1222 2519 sunt
1238 2462 1343 2520 obruti.

360 2523 489 2578 hostiam
511 2522 619 2580 obtulit

243 2656 247 2666 .
359 2608 425 2681 ipse
448 2625 580 2666 summus
602 2608 734 2682 pontifex

290 2786 293 2790 ,
360 2726 402 2783 At
423 2726 482 2782 hoe
504 2743 576 2785 xero
598 2744 657 2784 nou
684 2732 745 2783 tam
770 2729 976 2800 paralleliaare
1008 2739 1064 2801 est,
1094 2751 1183 2808 quam
1205 2722 1343 2812 ἀπαραλ-

159 2838 161 2844 ·
274 2796 390 2885 λὴλους
412 2807 467 2863 sub
495 2812 595 2882 specie
617 2809 810 2881 parallelismi
840 2830 945 2870 versus
969 2818 1074 2873 sinere.
1119 2819 1213 2875 Nemo
1236 2822 1341 2879 melius

273 2892 303 2946 in
325 2891 382 2947 hac
405 2894 529 2952 materia
543 2892 691 2950 laboravit
712 2910 801 2967 quarn
816 2896 950 2966 wolfius,
975 2902 1025 2974 qui
1039 2903 1152 2961 utinam
1174 2904 1253 2979 quod
1269 2923 1342 2979 pau-

274 2977 316 3032 cis
339 2978 685 3052 praestitit¹sequentiis‚
708 2980 808 3036 multis
830 2985 1047 3055 praestitisset!
1070 2985 1246 3063 Exemplum
1265 3008 1336 3048 vero

274 3062 443 3134 capiamus:
473 3059 627 3138 Moniique
661 3053 880 3123 intercisionem
920 3072 1057 3143 primam,
1093 3068 1161 3130 dein
1197 3080 1338 3144 nostram,

272 3152 452 3287 ppectemus.
497 3147 539 3206 Ex
561 3149 723 3207 notissimis
747 3156 794 3210 est
817 3156 987 3228 sequentia:
1018 3157 1144 3215 Sancti
1167 3160 1339 3234 Spiritus.

287 3235 319 3288 ta
339 3231 471 3291 Meuius:
506 3285 508 3290 .

427 3355 442 3363 ”
489 3355 515 3412 1,.
537 3354 639 3411 Sancti
661 3355 782 3429 spiritus
806 3357 881 3415 assit

538 3438 623 3495 nobis
646 3440 750 3513 gratia.

357 3537 417 3596 Sed
431 3540 520 3613 pla'ue
535 3540 769 3615 irresponsorius
792 3551 840 3603 est
855 3555 976 3606 versus:
999 3568 1055 3608 nec
1070 3551 1112 3609 ita
1133 3554 1162 3610 in
1179 3551 1253 3611 duas
1270 3572 1337 3629 par·

270 3628 317 3679 tes
340 3622 430 3682 dividi
451 3628 561 3699 potest.

477 3728 514 3787 ,2.
537 3726 621 3798 Quae
645 3728 741 3789 corda
756 3738 860 3792 nostra
883 3736 938 3793 sibi
959 3738 1050 3798 faciat
1098 3738 1102 3745 ⁴

531 3811 736 3896 liabitaculum
826 3814 845 3878 s

534 3932 673 4010 Expulsis
695 3935 764 3996 inde
787 3942 903 3999 cunctis
925 3944 1006 4001 vitiis
1029 3996 1031 3999 ,

535 4019 726 4093 spiritalibus.

483 4204 486 4209 ¹
533 4137 661 4213 Spiritus
683 4143 769 4213 alme,

468 4238 473 4252 ¹
531 4223 696 4284 illustrator
717 4228 877 4301 hominnm,

390 4321 392 4326 ¹
444 4374 446 4380 ·
529 4324 674 4403 Horridus
695 4354 816 4408 nostrae

444 4447 446 4451 ’
530 4430 637 4488 mentis
658 4449 756 4511 purga
776 4436 925 4495 tenebras.
