3242 5134
320 670 368 726 est
390 661 429 720 ad
451 660 634 719 credendum
656 682 683 737 p.
708 661 757 721 37.
781 661 907 719 Accedit
929 660 1011 737 quod
1032 680 1091 719 non
1113 663 1227 737 legitur
1247 664 1277 719 in
1297 661 1387 719 Bran·

319 748 384 806 deri
406 749 560 823 Catalogo.

403 833 566 908 Sequentia
598 834 733 907 sequitur
764 832 900 888 titulum:
939 831 1166 906 symphonia
1189 830 1400 897 (concentu

317 919 428 993 parili
451 918 540 973 Thes.
563 917 600 975 Π.
622 935 651 990 p.
678 914 726 980 10)
750 918 792 973 ita
808 921 924 983 tamen,
948 922 982 972 ut
1005 918 1129 990 stropha
1151 918 1256 973 tertia:
1281 916 1404 973 Sanc-

318 1004 471 1060 tissima
507 1002 673 1057 moribus
708 1006 774 1068 etc,
812 1019 830 1057 a
863 1000 1016 1058 codicibus
1052 1002 1092 1056 M.
1117 1000 1143 1059 5.
1169 1002 1196 1061 6.
1222 1002 1344 1076 omissa,
1385 1020 1407 1058 a

317 1088 402 1144 nobis
425 1088 508 1143 uncis
530 1087 654 1153 inclusa,
679 1087 772 1142 veluti
796 1088 898 1160 spuria
921 1088 1136 1161 praetermissa
1160 1088 1207 1144 sit.

406 1359 474 1417 tte.
501 1347 657 1429 [Laudes
680 1349 818 1414 domino
841 1352 965 1415 reortro
987 1351 1113 1414 nostra
1135 1348 1303 1414 coaciam
1324 1367 1417 1413 ar-

319 1435 446 1500 monia.
486 1443 530 1499 De
554 1444 583 1499 S.
607 1442 846 1499 Emmeramo.
892 1442 984 1498 Thes.
1010 1442 1045 1497 11.
1069 1460 1097 1516 p.
1122 1439 1194 1509 tul·

404 1711 474 1770 617.
499 1699 640 1779 [Gordia
667 1704 741 1770 orta
773 1702 990 1788 symphonia.
1034 1713 1078 1770 De
1102 1713 1167 1771 ⁴88.
1190 1686 1330 1771 cosma
1366 1717 1427 1769 et

318 1799 495 1855 Damiano
518 1797 591 1853 MM.
613 1798 702 1855 Thes.
726 1797 763 1855 ΙΙ,
783 1815 813 1869 p.
838 1794 920 1865 234]

405 2072 475 2129 618.
502 2059 625 2141 [Dulce
646 2060 754 2125 melna
778 2078 857 2124 erem
877 2060 1060 2126 concentu.
1104 2069 1149 2125 De
1172 2069 1202 2126 S.
1218 2070 1432 2127 wences-

315 2158 388 2215 ιω.
410 2156 500 2236 mone
522 2154 572 2211 111.
595 2172 623 2227 p.
647 2153 707 2211 558
731 2154 794 2218 (us.
818 2171 854 2209 zu
876 2152 1008 2209 nemost
1029 2154 1083 2211 uo.
1106 2153 1168 2212 717
1195 2154 1245 2221 14,
1260 2143 1430 2212 rantur]

323 2293 348 2352 1.
359 2290 453 2348 Dulce
475 2290 569 2346 melos
592 2306 659 2345 eum
682 2295 828 2346 concentu
851 2288 879 2358 5,
892 2289 988 2363 Ligna
1011 2287 1108 2345 desert
1130 2306 1306 2365 egenorum,

362 2374 552 2432 Modulemur
573 2375 604 2429 in
626 2380 774 2430 conventu
895 2374 969 2431 Usui
992 2375 1203 2447 mysteriorum

364 2462 469 2516 Totius
493 2458 649 2524 ecclesiae,
898 2460 937 2515 Se
961 2476 1080 2516 servum
1104 2458 1245 2527 exhibuit,

363 2547 546 2601 Veneremur
569 2542 624 2597 sub
647 2542 770 2598 obtentu
897 2545 973 2600 Dum
996 2560 1031 2599 ex
1053 2544 1188 2606 manibus
1212 2561 1335 2615 suorum

365 2631 497 2694 Gratiae,
520 2630 597 2685 vitae
619 2633 768 2700 proventu
894 2628 1037 2695 Mustum,
1059 2628 1185 2696 hostias,
1208 2628 1356 2687 laborum

299 2715 303 2720 '
363 2714 526 2770 Patronum
548 2712 718 2768 Bohemiae.
897 2712 1050 2769 Altaribus
1073 2713 1221 2787 praebuit
1256 2722 1260 2729 '

292 2876 294 2879 >
323 2852 352 2909 2.
360 2848 430 2905 Flos
454 2847 491 2904 de
514 2850 600 2921 spina
621 2854 807 2921 procreatus,
856 2849 884 2907 6.
894 2848 954 2905 Res
977 2847 1119 2917 miranda,
1150 2866 1200 2906 res
1222 2837 1441 2923 praeclar&

358 2934 556 2990 ,Weneezlaus
579 2938 673 2988 matre
696 2922 785 2988 natus
897 2934 990 2989 Frons
1014 2932 1098 2991 ducis
1120 2935 1154 2989 fit
1177 2936 1275 2992 erucis
1288 2938 1398 2993 'arn-2

363 3019 462 3074 Nobili
484 3018 538 3074 sed
560 3019 701 3092 pessima,
896 3019 952 3075 Dei
968 3018 1092 3092 ,fulgens
1115 3019 1236 3091 lumine.

362 3103 483 3160 Patrem
506 3107 641 3159 sanetum
663 3104 794 3158 imitatus
896 3103 961 3159 Dux
984 3103 1123 3177 culpatur
1144 3120 1228 3168 mora
1251 3121 1331 3172 cara,

281 3248 289 3257 ,
363 3189 514 3245 Christum
534 3205 610 3261 puer
631 3188 753 3243 lucrum*
767 3192 852 3243 ratus
896 3188 1008 3245 Caesar
1030 3189 1126 3263 surgit
1148 3205 1240 3245 emec
1262 3206 1332 3246 rara

361 3272 465 3330 Indole
489 3272 685 3329 sanctissima.
895 3274 968 3329 Visa
990 3275 1077 3346 quasi
1098 3275 1227 3332 numine.

321 3408 349 3466 3.
362 3408 477 3483 Legem
499 3409 577 3464 relat
599 3413 633 3463 ut
654 3408 777 3481 Helyas,
854 3406 882 3465 7.
893 3408 983 3464 Iacob
1007 3413 1143 3465 sanctum
1165 3395 1429 3483 repraesentati

316 3479 337 3495 “
361 3493 450 3549 Verbi
474 3492 532 3548 dur
554 3499 587 3549 ut
609 3493 715 3565 Isayas
895 3493 1100 3561 Wenceslaus‚
1125 3473 1449 3569 dum'frequenw‘

363 3578 469 3634 Gentis
492 3578 609 3650 pellens
632 3577 780 3635 tenebras.
900 3577 1026 3652 Templa
1047 3584 1136 3635 noete
1157 3577 1296 3653 pedibus.

362 3662 417 3717 Hic
441 3661 589 3719 secundas
611 3662 753 3728 Ananias,
832 3722 841 3732 „
894 3661 989 3719 Nudis
1011 3668 1108 3719 terras
1130 3664 1179 3721 hie
1203 3669 1365 3732 cruentat,-

361 3746 539 3802 Futurarum
561 3751 594 3803 ut
616 3746 739 3821 Abdyas
895 3748 986 3804 Cuius
1008 3746 1098 3804 fldem
1121 3748 1185 3808 dira
1207 3752 1308 3807 tentat

361 3830 472 3887 Rerum
492 3830 598 3905 pandit
619 3832 758 3890 latebras,
893 3832 992 3889 Mater
1013 3834 1114 3890 multis
1136 3833 1261 3893 vicibus.

320 3968 348 4026 4.
362 3964 445 4037 Quos
469 3966 587 4023 Christo
610 3969 808 4041 regeneravit,
854 3969 881 4026 8.
892 3967 932 4026 Ut
955 3970 1101 4037 convivet,
1124 3969 1269 4026 invitatur

361 4051 424 4107 Hos
447 4052 539 4108 verbo
562 4051 688 4124 ciboque
710 4054 802 4125 pavit,
871 4052 959 4109 'Dux
981 4070 999 4109 a
1020 4054 1120 4121 fratre,
1145 4054 1188 4109 sie
1209 4057 1335 4127 paratur

359 4134 498 4209 Propago
521 4135 660 4192 fidelium.
894 4138 1072 4195 Weneealao
1095 4139 1281 4213 martyrium.
1338 4156 1341 4159 ’

358 4219 435 4293 Regi
458 4220 577 4276 Christo
601 4220 738 4278 militavit
796 4265 798 4269 .
893 4222 1013 4278 Laudes
1037 4221 1085 4279 dei
1108 4222 1177 4279 dum
1198 4225 1325 4283 rimatur

359 4304 426 4360 Dux
447 4305 583 4378 insignis,
607 4305 745 4378 liberavit
894 4307 1000 4375 Nocte,
1024 4313 1147 4365 sanctus
1169 4299 1344 4368 vulneratur

222 4378 224 4381 ’
357 4386 472 4447 Pueros
495 4390 664 4465 gentilium3
695 4398 699 4410 ’
888 4391 928 4447 Et
949 4392 983 4449 fit
1004 4378 1208 4453 fratricidium
