3242 5134
275 655 404 742 tnngnn
416 667 554 742 martyris
565 665 690 742 insignis
699 667 762 742 gio·
773 665 800 726 0.
814 665 939 724 'l'uiitsb
952 667 1144 740 impingente
1157 665 1294 732 ludibria,

636 751 681 808 ris
806 751 904 808 Minas
919 755 950 808 et
965 749 1043 818 odia,
1055 768 1177 826 poenas,
1194 751 1295 814 exitis:

295 831 378 896 Dulcis
399 843 445 895 est
466 835 565 912 gondii
588 835 684 895 duleis
704 853 764 894 ms·
850 835 910 894 Sed
931 842 1030 894 mente
1054 837 1153 894 stabili

636 923 725 986 teris:
805 921 882 980 Mira
890 923 1056 980 constantis
1064 921 1174 978 devicit
1185 922 1296 982 omnis:

287 1001 381 1066 Insists
409 1009 548 1074 cauneis,
580 1011 675 1064 mater
702 1005 758 1062 Ec·
801 1007 881 1064 Felix
902 1007 1001 1063 felicia
1016 1008 1147 1082 migrans
1164 1003 1201 1062 ad
1218 1023 1289 1080 gau·

638 1091 738 1156 elesino,
1170 1090 1220 1150 dia

275 1175 759 1252 ,Goelestiinbilotsngecoslestis
846 1177 921 1234 Cum
942 1177 1042 1250 palmo
1064 1177 1163 1236 nobili.

764 1279 792 1336 7.
809 1279 888 1335 Ante
911 1278 989 1334 diem
1012 1278 1160 1351 passionis

233 1354 258 1414 i·
289 1363 361 1422 Inter
383 1379 471 1422 cum
493 1363 648 1420 absolutus
807 1363 856 1422 Ad
879 1364 1018 1420 instantis
1040 1364 1100 1420 vim
1122 1364 1227 1439 agonis

285 1447 339 1508 Rex
360 1449 474 1508 otavus
494 1450 674 1506 constitutus
808 1451 964 1506 Animatus
984 1449 1106 1506 visionis

318 1535 352 1592 In
372 1535 459 1608 regni
481 1533 611 1608 fastigio,
848 1535 974 1590 Divinae
997 1534 1113 1598 solatio,

284 1619 453 1694 Suspirsbst
474 1619 504 1675 in
526 1622 657 1684 aeterna,
811 1619 896 1688 Quod
921 1618 1039 1675 amabat
1063 1619 1285 1692 1›raegnstaiit;

283 1701 458 1761 Pervoisbst
478 1705 508 1760 in
531 1720 669 1778 superna,
807 1704 1040 1778 Praegnststum
1062 1703 1130 1776 plus
1154 1705 1283 1776 optavit:

318 1789 430 1846 Mentis
453 1787 609 1846 desiderio.
810 1789 885 1846 Plus
908 1793 1044 1864 optatum
1067 1786 1227 1845 vindicavit

851 1874 963 1931 Illustri
985 1873 1139 1946 Martyris.

233 1987 271 2050 ⁹·-
287 1971 391 2032 (ihristi
414 1979 528 2032 tractus
551 1977 580 2032 in
603 1972 704 2042 odore,
772 1976 799 2032 8.
816 1976 878 2032 Rex
900 1983 931 2031 et
952 1975 1067 2048 Martyr
1089 1973 1287 2047 triumphalis,

285 2057 388 2118 Christi
409 2059 556 2136 languens
576 2061 606 2117 in
628 2075 737 2126 amoro,
810 2060 905 2116 Tutor
926 2065 1029 2116 noster
1051 2059 1201 2132 specialis,

283 2143 360 2202 Vires
384 2161 506 2202 sumens
528 2162 563 2202 ex
586 2145 738 2218 languore,
811 2145 876 2201 Tus
898 2145 999 2218 proles
1022 2144 1165 2217 spiritalis

284 2226 384 2297 Corde,
406 2231 495 2304 votis,
518 2229 615 2296 foetis,
639 2245 699 2296 ore,
813 2229 858 2286 Sit
881 2228 917 2285 ab
939 2230 1029 2285 huius
1051 2227 1152 2284 mundi
1175 2227 1269 2294 maiis,

317 2307 418 2384 'Quem
440 2313 558 2372 smsbst
579 2314 678 2372 coluit
855 2313 898 2369 Te
920 2317 1031 2379 tuente,
1055 2313 1162 2370 libera:

283 2395 331 2456 Hic
354 2415 412 2456 neo
435 2399 520 2458 minis
543 2415 598 2456 neo
621 2401 727 2455 timore
816 2398 897 2467 Quos
920 2399 1042 2455 infestat
1064 2400 1110 2455 vis
1133 2397 1271 2464 carnalis,

282 2479 385 2542 Mortis
407 2484 529 2552 stactus,
553 2501 608 2540 nec
631 2483 742 2546 labore,
816 2483 993 2558 corruptela
1015 2483 1175 2557 generalis.

279 2563 429 2626 Idoiorum
451 2567 488 2626 ab
510 2585 609 2627 errore
812 2569 911 2626 Pestis
934 2573 1041 2642 potens
1065 2573 1096 2625 et
1117 2568 1224 2633 letalis,

278 2649 374 2712 Multo
399 2653 518 2729 quidem
540 2671 608 2712 cum
631 2651 739 2710 sudore
811 2654 874 2710 Nos
898 2653 952 2710 sub
975 2654 1035 2710 tuis
1058 2657 1138 2709 tutos
1162 2653 1217 2709 niis

315 2739 446 2797 Gentem
468 2757 551 2798 susm
573 2741 658 2796 eruit.
852 2727 917 2798 Tuo
931 2740 1028 2796 salvet
1043 2738 1173 2796 dextera.
1197 2738 1303 2793 Amen.

232 3143 238 3152 ,
320 3077 395 3138 561.
440 3067 642 3156 [Postquam
670 3069 764 3135 coiis
792 3066 993 3151 Babylonis.
1046 3075 1088 3130 De
1117 3076 1146 3130 S.
1171 3074 1302 3131 olavo.

232 3165 260 3207 ³1
287 3161 387 3220 Feriis
411 3161 531 3232 Quantis
555 3163 602 3218 vel
624 3166 652 3219 in
675 3165 772 3218 missis
795 3162 912 3218 votivis.
949 3160 1069 3216 Neolo
1093 3159 1161 3233 Seq.
1184 3177 1211 3232 p.
1234 3159 1301 3216 142.

232 3245 242 3285 ²
268 3241 395 3306 Missali
417 3247 602 3305 Nidrosiensi
628 3245 725 3314 tots]

231 3383 254 3446 l·
272 3393 449 3476 Postquam
471 3401 547 3457 calix
568 3401 730 3473 Babylonis
775 3399 802 3457 3.
818 3381 881 3455 Rex
904 3398 1007 3464 Olane,
1031 3398 1082 3470 qui
1105 3397 1221 3468 regium

270 3480 437 3544 Illndentis
459 3486 500 3542 sel
522 3484 658 3541 droconis
815 3484 930 3539 Nomen
952 3482 1065 3538 habens
1088 3482 1245 3554 egregium

323 3571 468 3627 Ebullivit
490 3571 620 3644 penitus,
860 3568 1030 3632 Unctionis3

274 3655 352 3713 olla
373 3656 461 3712 fervit
484 3655 631 3728 aquilonis
818 3652 910 3708 (iuius
933 3668 1039 3707 nomen
1063 3655 1109 3705 est
1132 3649 1241 3716 oleum,

273 3741 358 3798 Oleo
382 3739 547 3798 devotionis
819 3737 951 3792 Effusum
972 3753 1027 3809 per
1048 3735 1185 3792 oculeum

323 3825 385 3883 Per
407 3825 535 3882 Olavum
557 3824 690 3880 coelitus.
862 3820 1031 3885 Passionis3

231 3961 255 4020 3-
280 3977 356 4034 Fert
379 3977 474 4034 olivae
497 3977 600 4032 ssorem
623 3977 695 4032 avis.
772 3974 801 4028 4.
818 3973 881 4028 Rex
903 3971 997 4029 Olsve
1019 3971 1214 4040 nosoxandi,

275 4059 457 4138 Requiesoit
478 4061 542 4119 Noe
564 4061 647 4117 navis
819 4057 1005 4114 Assistentes
1028 4061 1096 4112 tuso
1117 4055 1198 4112 laudi

325 4147 478 4204 Montibus
501 4146 673 4202 Armeniae:
863 4141 949 4197 Omni
971 4145 1077 4216 quarta
1099 4141 1187 4196 ieris:
1244 4145 1254 4156 “

282 4232 359 4289 (ium
382 4231 477 4287 Olsvo
500 4231 552 4286 tint
575 4231 674 4285 suavis
818 4225 894 4294 Quia
915 4227 959 4282 tui
981 4233 1052 4282 tune
1075 4225 1181 4298 agonis

285 4317 409 4391 spirans
433 4314 560 4381 nardus,
584 4314 660 4370 coeli
682 4313 774 4369 clavis
818 4309 857 4366 Et
879 4309 975 4365 felicis
997 4309 1146 4382 passionis

327 4401 468 4477 Applicat
494 4399 669 4474 Norvegiae.
863 4394 979 4451 Colitur
999 4393 1149 4450 memoris.
