3242 5134
374 786 442 846 587.
467 775 535 857 [Ad
554 770 722 843 denotem
743 778 868 842 tttmmt'
888 778 991 860 regis.
1025 786 1068 841 De
1084 785 1113 844 S.
1135 785 1272 842 Helena
1293 786 1351 843 Re·

284 872 368 941 gina.
410 871 500 928 Mone
521 869 571 930 ΙΙΙ.
593 889 622 945 p.
645 868 715 928 336.
737 871 799 938 (Hs.
823 864 1349 942 zuDarmstadtNo.545.14.Jh.)l

296 1009 324 1067 l.
354 1006 400 1064 Ad
421 1007 564 1065 honorem
587 1007 691 1063 summi
717 1009 797 1082 regis
842 1009 870 1064 4.
884 1006 987 1064 Mundi
1010 1007 1084 1070 fides
1108 1012 1155 1064 est
1176 1009 1206 1063 in
1228 1013 1304 1076 tuto,

348 1112 414 1159 nos,
438 1095 490 1170 qui
511 1110 614 1150 sumus
630 1110 701 1150 oves
717 1094 819 1168 gregis
883 1095 970 1158 iacet,
994 1097 1075 1149 tacet
1097 1109 1148 1148 ore
1171 1097 1252 1149 muto

373 1178 512 1251 spiritalis
526 1194 667 1251 pascuae,
906 1179 1038 1252 gentium
1061 1177 1197 1251 perfidia3

347 1279 402 1319 ore
423 1262 529 1320 laudes
552 1262 733 1328 attollamus,
883 1262 921 1318 ad
944 1279 995 1318 cor
1017 1261 1104 1330 redit,
1128 1264 1179 1337 qui
1203 1266 1319 1321 erravit.

342 1365 438 1405 manu
459 1349 558 1405 lumen
580 1347 781 1422 praeferamus
883 1354 913 1404 et
935 1347 1053 1415 adorat,
1078 1347 1158 1421 quod
1181 1347 1331 1405 damnavit

371 1431 517 1508 lampadis
540 1449 599 1489 non
621 1449 742 1490 vacuae.
905 1433 1036 1490 iudicum
1059 1432 1191 1489 saevitia.

263 1584 307 1640 2.
353 1585 417 1659 Ipsi
438 1585 535 1643 honor
556 1586 619 1642 sine
641 1588 708 1653 line,
845 1588 871 1645 5.
888 1587 951 1643 iras
974 1592 1075 1643 truces
1097 1604 1174 1642 nunc
1199 1586 1320 1662 deponit

343 1673 403 1745 qui
424 1671 556 1727 Helenae
579 1670 631 1728 dat
652 1674 774 1746 reginae
882 1678 913 1728 et
935 1674 1043 1746 vagina
1065 1689 1099 1728 se
1121 1674 1239 1746 reponit

374 1756 450 1812 felici
472 1758 646 1813 commercio
904 1759 1112 1831 persequentis
1136 1757 1261 1830 gladius.

338 1858 476 1916 regnum
499 1842 576 1898 coeli
597 1860 651 1914 pro
675 1847 803 1909 terreno,
883 1844 955 1899 licet
970 1841 1113 1916 quidquid
1136 1843 1191 1909 vis,
1214 1843 1352 1897 hortatur

337 1926 401 1982 urbi
423 1944 459 1982 ex
480 1925 538 1983 hoc
560 1926 589 1982 in
611 1927 669 1983 hoc
696 1926 785 2000 pleno
886 1928 986 1983 Sixtus
1009 1944 1096 2001 papa,
1119 1926 1177 1982 iam
1199 1929 1336 1992 testatur,

373 2028 450 2090 nuuc
473 2016 591 2068 eructat
612 2010 731 2085 gaudio.
905 2011 1050 2086 dispergit
1070 2011 1257 2069 Laurentius.

256 2159 298 2218 3.
344 2163 433 2220 I'elix
454 2158 529 2221 haec
550 2164 667 2221 felicem
693 2169 804 2231 natum,
844 2165 870 2223 6.
887 2164 955 2232 Sed,
979 2169 1012 2220 ut
1033 2169 1121 2222 notus
1144 2168 1225 2220 esset
1252 2163 1335 2231 deus,

340 2248 450 2306 lumen
472 2249 552 2306 orbis
575 2254 763 2306 stornatum
884 2255 915 2306 et
936 2251 1121 2324 praeclarum
1144 2267 1250 2307 nomen
1273 2252 1336 2307 eius

374 2334 598 2392 Constantinum
621 2337 732 2409 genuit,
903 2337 995 2392 eflicit
1016 2337 1045 2391 iu
1068 2336 1215 2409 gentibus,

342 2427 471 2476 etcum
494 2436 530 2475 eo
553 2425 656 2476 contra
671 2419 768 2482 fidem,
883 2420 963 2477 Indis
986 2420 1106 2495 quidem
1128 2427 1159 2478 et
1180 2421 1281 2487 iberis,

345 2506 380 2560 si
400 2521 460 2579 qua
480 2504 543 2561 lata
565 2511 649 2562 erant
671 2505 795 2579 pridem,
882 2511 952 2579 post
974 2507 1120 2562 Armenos
1142 2507 1236 2562 iunxit
1258 2508 1336 2564 veris
1421 2533 1429 2550 ι

376 2589 511 2665 abrogari
533 2592 646 2647 statuit
905 2591 974 2647 fidei
998 2592 1170 2650 cultoribus.

506 2712 521 2731 .

543 2741 570 2801 7.
592 2743 683 2816 Ergo,
707 2760 784 2817 quae
806 2745 883 2800 hanc
907 2746 1046 2818 genuisti,

591 2832 686 2884 mater
708 2830 781 2896 eius,
806 2847 918 2903 sponsa
940 2830 1059 2896 Christi,

612 2918 717 2970 sancta
738 2914 836 2988 gaude
859 2915 1006 2973 Treveris.

593 3003 623 3053 et
645 2990 700 3054 nos
723 3001 809 3055 simul
832 3000 1024 3073 gratulemur,

593 3082 679 3139 simul
702 3082 790 3140 deum
813 3085 1016 3158 deprecemur,

614 3166 697 3235 deus,
721 3186 811 3243 parce
834 3172 957 3227 miseris.

266 3353 268 3358 s
376 3303 401 3362 5.
424 3304 760 3380 Secundumlstrophae
791 3307 1009 3362 hemistichium
1038 3311 1211 3380 corruptum
1240 3306 1351 3363 iudicat

298 3378 416 3445 tonius.
454 3389 497 3445 Ex
513 3407 585 3446 mea
607 3392 754 3447 sententia
777 3391 981 3463 accipiendum
1004 3395 1051 3447 est
1065 3393 1122 3447 hoc
1142 3392 1241 3448 modo:
1265 3392 1350 3448 Nunc

302 3463 363 3526 lieet
383 3473 462 3548 quod
484 3480 573 3531 antea
595 3476 734 3532 trahebat
750 3475 786 3531 ad
804 3477 988 3549 supplicium.
1027 3474 1189 3532 Hortantur
1208 3477 1351 3552 populum

305 3559 445 3624 pontifices
454 3577 551 3638 neque
568 3562 693 3634 amplius
703 3562 865 3640 affiguntur
873 3563 968 3616 cruci:
989 3563 1350 3636 erogantecclesiaeopes

309 3633 405 3700 diacum
425 3662 480 3702 nec
490 3651 704 3702 consumuntur
718 3647 747 3701 iu
767 3647 918 3703 craticula.
942 3648 1057 3720 Duplex
1073 3652 1171 3703 autem
1188 3665 1278 3703 causa
1295 3651 1350 3715 est,
1414 3691 1417 3695 .

310 3725 373 3794 quod
391 3731 482 3802 poeta
505 3729 561 3787 hoc
584 3731 670 3788 affert
692 3732 764 3788 sixti
788 3735 818 3786 et
845 3731 997 3787 Laurentii
1020 3732 1192 3806 exemplum.
1236 3732 1270 3788 ln
1291 3734 1351 3807 pri-

284 3806 349 3864 ’Μὴ
367 3816 499 3890 vesperis
530 3815 557 3873 S.
588 3816 719 3872 Helenae
749 3817 783 3870 fit
805 3819 1042 3872 commemoratio
1068 3818 1199 3874 Octavae
1223 3820 1251 3875 S.
1273 3819 1352 3874 Lau‘

310 3899 389 3955 renti:
411 3917 501 3974 porro
525 3900 604 3974 quod
628 3902 748 3975 gravius
772 3905 832 3968 est,
855 3901 1033 3957 Laurentius
1063 3903 1254 3959 moribundus
1284 3921 1352 3976 pro·

308 3973 421 4046 maurit
442 3986 589 4044 ecclesiae
617 4003 723 4058 pacem
752 4001 788 4040 ac
818 3986 1071 4059 tranquillitatem,
1096 3987 1133 4044 de
1156 4006 1217 4062 qua
1238 3990 1349 4063 optima

310 4069 395 4126 melita
416 4076 462 4128 est
485 4071 607 4128 Helena.
630 4072 763 4128 —Fort
787 4070 988 4156 dispersit.
1012 4071 1040 4131 o.
1063 4073 1139 4130 l'ort.
1164 4074 1350 4131 effectum

289 4403 292 4410 .
375 4357 443 4418 588.
468 4348 579 4428 {flacc
599 4352 721 4435 reytna
744 4354 797 4416 ier
820 4350 932 4417 beata.
955 4361 999 4416 Do
1022 4361 1051 4418 S-.
1074 4359 1225 4440 Helena.
1259 4360 1349 4418 Mona

308 4429 391 4516 1111».
412 4443 481 4504 aar.
504 4443 568 4513 (us.
590 4461 649 4503 von
672 4445 714 4504 su
736 4445 885 4502 Peterin
907 4444 1053 4519 eahburg
1067 4444 1124 4513 ru,
1139 4444 1190 4504 aa.
1212 4439 1354 4515 15.th
