3242 5134
375 636 446 695 527.
484 625 539 703 [ln
561 645 748 692 accursum
776 628 1042 711 praecursoria.
1090 636 1135 694 De
1164 637 1194 696 s.
1215 638 1337 696 loen
1354 650 1411 691 ne

288 721 395 795 Bapt.
438 721 528 778 Thes.
549 720 585 779 IL
607 739 634 793 p.
657 717 739 787 m]

724 831 919 842 ——....

374 958 444 1017 528.
483 945 576 1025 [Voce
602 947 786 1012 clamantis
813 948 850 1013 in
880 946 1030 1012 deserte.
1073 957 1132 1015 Per
1162 958 1329 1016 Octavam
1379 955 1410 1011 S.

289 1044 442 1100 Ioannis
480 1043 579 1114 Bapt.
637 1040 670 1095 Ε.
698 1037 814 1097 Missali
851 1040 1066 1099 cameracensi.
1132 1043 1411 1118 Ecclesiologisi

289 1127 321 1184 c.
346 1127 407 1186 vu.
430 1127 509 1202 nug.
536 1123 636 1191 msa]

294 1248 318 1304 1.
333 1229 397 1303 de
420 1246 575 1301 clamantis
597 1246 627 1299 in
650 1243 770 1300 deserto
827 1244 854 1303 2.
871 1244 969 1301 Senex
990 1248 1085 1301 mater
1108 1250 1139 1301 et
1161 1246 1254 1303 effeta

332 1331 417 1387 More
441 1347 551 1387 sonans
573 1331 729 1402 inexperte
867 1330 952 1386 Novo
977 1331 1068 1385 sentit
1089 1331 1119 1385 in
1141 1331 1297 1405 propheta

332 1416 429 1472 Voces
451 1419 571 1470 nostras
594 1415 623 1469 in
646 1418 750 1484 aperto
867 1412 953 1482 Quod
977 1419 1101 1469 naturae
1123 1418 1223 1473 nescit
1246 1420 1376 1484 meta,

375 1501 569 1556 Conclamare
591 1498 697 1554 saciat:
910 1499 987 1554 Novi
1008 1503 1113 1572 partus
1136 1500 1298 1573 gaudium:

333 1584 428 1641 Istum
450 1584 559 1640 decent
580 1580 736 1649 melodiae,
867 1584 956 1640 Verbi
978 1589 1064 1639 vates
1086 1585 1233 1642 incarnati

334 1669 425 1726 Cuius
448 1673 546 1724 ortum
568 1667 731 1724 Zachariae
867 1666 1086 1725 Praeserendus
1110 1671 1191 1726 omni
1213 1672 1278 1728 vati

333 1754 445 1810 Missus
469 1753 547 1809 idem
570 1754 620 1826 qui
643 1750 756 1807 Mariae
866 1752 1000 1807 Necdum
1029 1757 1116 1809 natus
1144 1753 1276 1811 necdum
1298 1754 1409 1810 nati

373 1838 495 1894 Parium
517 1836 601 1894 verbi
623 1839 746 1894 nuntiat.
909 1836 1075 1909 Prophetat
1096 1842 1318 1912 praesentiam.
1429 1896 1433 1902 .

539 1956 567 2013 3.
602 1954 626 2010 Ο
650 1949 829 2029 praecursor
851 1958 956 2011 summi
978 1956 1069 2029 regis,
1174 2007 1179 2011 .

591 2040 705 2096 Lumen
726 2040 815 2106 vitae,
839 2040 927 2095 limen
949 2040 1036 2114 legis,

594 2124 678 2181 Pium
701 2124 795 2180 melos
819 2126 862 2180 tui
885 2127 996 2199 gregis,
1064 2184 1068 2190 ,

642 2210 676 2264 In
699 2208 824 2264 sublime
847 2210 974 2265 referas:

502 2347 507 2355 ,
592 2293 651 2350 Per
673 2299 703 2350 te
725 2295 804 2351 viam
825 2299 981 2351 teneamus
1002 2319 1046 2330 -

592 2379 619 2433 Α
642 2395 702 2453 qua
723 2396 778 2451 per
800 2396 855 2434 nos
879 2378 1031 2436 deviamus
1046 2405 1090 2416 -·

591 2464 632 2520 Ut
652 2468 684 2518 te
707 2462 782 2519 duce
805 2468 1000 2532 transeamus,

642 2548 718 2604 Hinc
741 2547 780 2603 ad
802 2547 890 2605 sedes
914 2566 1045 2624 superae.

372 2784 442 2843 529.
481 2776 536 2855 [ln
566 2777 711 2841 aeterno
739 2795 847 2860 rayno
877 2779 979 2843 uitae.
1033 2790 1077 2845 De
1108 2788 1137 2845 s.
1162 2786 1406 2846 Gulielm0

288 2869 363 2927 abb.
388 2870 492 2936 (XXV.
514 2870 592 2936 Jun.)
637 2869 726 2927 Thes.
748 2870 785 2929 Il.
806 2889 836 2942 p.
859 2868 940 2939 249]

722 3050 925 3060 ——-—...-

372 3194 443 3252 530.
490 3180 613 3261 [Aaou
641 3184 717 3248 dies
740 3169 933 3249 'olivarum
986 3195 1030 3250 De
1067 3195 1118 3253 ss.
1148 3193 1296 3264 Ioanne
1328 3174 1403 3244 θ*

288 3277 413 3334 Paulo
435 3278 499 3334 MM
554 3274 862 3350 Thes.11.p.233.l

721 3476 922 3484 —————--—

268 3641 270 3644 ·
373 3618 443 3677 531.
489 3607 613 3685 [Roma
638 3605 745 3673 Petro
772 3608 952 3690 clorietur.
1014 3618 1059 3675 De
1092 3618 1142 3677 ss.
1170 3584 1294 3677 Petro
1323 3576 1363 3673 et:

286 3704 406 3760 Paulo
428 3704 506 3776 App.
551 3701 639 3760 Thes.
662 3701 698 3757 II.
721 3720 749 3775 p.
773 3698 857 3767 81],

371 4026 441 4085 532.
477 4014 614 4094 [Gaude
642 4014 755 4081 Roma
785 4016 893 4101 caput
919 4015 1050 4081 mundi.
1099 4004 1204 4083 De‘s.
1234 4025 1350 4084 Petro

285 4109 343 4190 (Ad
366 4112 530 4168 vincula
552 4108 672 4174 Petri)
695 4108 830 4166 Adami
853 4126 1015 4167 carmen.
1059 4110 1238 4169 MoueHI.
1253 4130 1283 4184 p.
1307 4112 1351 4171 76.

285 4195 359 4263 (Aus
383 4198 464 4252 einer
486 4196 537 4253 Hs.
562 4194 615 4250 des
642 4195 688 4251 12.
709 4194 813 4252 Jahrh.
842 4213 878 4251 zu
901 4195 1035 4262 Colman,
1067 4194 1115 4250 die
1144 4213 1212 4252 rom
1234 4196 1354 4255 Kloster

179 4315 180 4352 3
284 4280 430 4337 Murbach
452 4280 593 4336 herriihrt
621 4285 709 4334 unter
739 4279 850 4335 andern
873 4279 1010 4354 Hymnen
1040 4279 1100 4335 und
1124 4278 1301 4355 Sequanaen
1324 4283 1352 4341 C.

285 4366 372 4425 sient
399 4367 529 4422 anchin
559 4365 640 4420 einer
663 4365 714 4422 Hs.
746 4365 798 4421 des
825 4366 871 4423 14.
894 4364 999 4422 Jahrh.
1030 4382 1066 4421 nu
1088 4364 1352 4424 Pommersfelden.
