3242 5134
326 712 434 867 ²235]st
458 700 569 782 [Luce
590 700 712 767 tatem
735 700 773 766 in
794 704 955 768 aelmae-
977 705 1186 769 maanus.
1209 704 1345 774 thaam

273 816 301 871 p.
391 840 397 851 .
496 853 499 859 ,
1174 826 1177 832 ,

712 941 908 952 ——..—..

362 1106 431 1164 551.
478 1092 563 1171 [Ave
584 1092 729 1160 Mariae
764 1096 877 1160 mater
912 1110 1053 1159 emeno.
1098 1057 1155 1158 De!
1176 1101 1207 1160 s.
1232 1101 1344 1158 Anna.

276 1190 366 1248 Thes.
388 1190 425 1248 IL
447 1207 475 1262 p.
499 1182 582 1259 240]

358 1429 429 1488 552.
475 1415 613 1496 {Gaude
647 1421 759 1483 mater
792 1416 898 1483 Anna
930 1415 1055 1500 quade.
1098 1426 1143 1482 De
1180 1426 1344 1484 annus.

272 1514 362 1569 Mone
377 1514 429 1569 ΙΙΙ.
453 1534 482 1587 p.
503 1513 570 1571 184.
593 1510 657 1577 (Hs.
673 1511 710 1568 dc
736 1513 781 1571 15.
796 1512 901 1568 Jahrh.
926 1510 979 1568 des
994 1510 1130 1568 Klosters
1146 1510 1344 1569 Brommbach
1361 1527 1380 1540 ·

275 1599 324 1656 bei
346 1592 562 1668 Werthheim.)]
1064 1606 1072 1638 l

276 1721 300 1777 l.
310 1717 414 1775 Gaude
436 1722 533 1774 mater
554 1717 649 1780 Anna,
673 1717 780 1791 gaude,
810 1717 838 1775 3.
851 1717 933 1773 Haec
956 1716 1002 1773 est
1023 1714 1107 1773 radix
1128 1717 1217 1774 Anna
1240 1717 1299 1792 pia,

316 1809 412 1860 mater
434 1804 512 1859 omui
534 1802 626 1877 digna
647 1802 745 1870 laude,
853 1804 938 1876 virga
959 1802 1068 1858 floreus
1092 1807 1139 1858 est
1161 1802 1268 1870 Maria,

357 1894 453 1946 mater
475 1893 577 1944 tantae
599 1883 699 1946 filiae)
893 1887 1030 1943 Christus
1052 1888 1108 1943 flos
1132 1892 1180 1944 est
1200 1888 1329 1946 inclitus.

224 1965 226 1970 ¹
314 1975 402 2030 Anna
422 1979 505 2030 recte
527 1974 717 2046 nuncuparis,
850 1973 948 2046 Digna
970 1971 1053 2029 radix
1075 1978 1122 2029 est
1143 1972 1270 2042 honore,

315 2062 384 2133 quia
406 2061 537 2133 gratiose
558 2060 640 2133 paris
851 2057 1095 2131 cuiusvirgatali
1117 2058 1191 2114 llore

355 2149 480 2201 matrem
502 2146 596 2199 omnis
619 2145 743 2217 gratiae.
891 2141 1097 2199 foecundatur·
1110 2144 1249 2214 coelitus.

228 2298 231 2303 -
272 2263 299 2322 2.
312 2264 398 2318 Anna
419 2264 498 2337 parit
519 2267 580 2319 tres
602 2263 723 2319 Marias.
807 2263 834 2320 4.
847 2262 933 2318 Anna
956 2262 1074 2318 stellam
1095 2258 1283 2331 matutinam,

316 2365 441 2423 quarum
462 2349 587 2421 primam
609 2347 714 2421 Isayas
851 2348 969 2404 stellam
991 2349 1080 2404 maris
1104 2352 1134 2405 et
1154 2351 1303 2423 reginam¹

355 2431 502 2506 praedixit
514 2431 653 2488 divinitus
891 2434 1009 2506 peperit
1031 2432 1217 2501 clementiae,

314 2518 444 2591 Virgam,
467 2518 571 2573 florem
591 2516 805 2589 producturam
848 2516 892 2573 De
915 2534 975 2592 qua
996 2534 1067 2575 vere
1088 2519 1147 2574 iam
1169 2519 1308 2588 laetatur,

315 2601 520 2677 virginemque
542 2604 705 2675 parituram
853 2604 922 2677 quia
943 2602 1039 2659 Deum
1060 2604 1283 2677 contemplatur
1303 2628 1308 2636 ·

359 2686 436 2743 dono
460 2690 556 2743 sancti
579 2688 710 2760 spiritns.
892 2688 1025 2744 revelata
1047 2688 1131 2756 facie.

434 2872 436 2875 y
511 2806 539 2863 5.
565 2806 652 2864 Salve
674 2811 771 2863 mater
790 2807 894 2863 matris
918 2805 1038 2874 Christi,

565 2908 642 2965 quae
663 2884 722 2948 iam
745 2892 815 2948 felix
837 2890 1037 2948 conscendisti

462 3005 467 3011 .
508 3000 510 3004 ·
559 3004 561 3006 ·
607 2976 739 3034 Inhilans
762 2979 791 3033 in
814 2977 946 3045 aethera,

564 3062 625 3119 Iter
645 3063 731 3119 nobis
752 3079 826 3136 para
847 3066 953 3130 tutum,

567 3154 601 3204 ut
623 3149 653 3203 in
676 3148 786 3204 domiui
807 3149 951 3206 virtutum

613 3232 794 3289 collocemur
815 3232 946 3290 dextera
968 3299 969 3303 Ἰ

684 3448 907 3460 m

359 3609 429 3668 553.
470 3595 587 3680 [Solve
607 3617 744 3683 pareas
765 3598 891 3665 matra
915 3581 1057 3665 esraa
1100 3610 1145 3667 De
1172 3611 1201 3668 s.
1224 3611 1339 3668 Anna.

273 3694 362 3750 Mone
385 3695 436 3749 ΙΙΙ.
457 3714 486 3768 p.
505 3693 572 3750 185.
602 3692 664 3756 (Ha.
688 3711 724 3748 au
747 3692 837 3749 Grata
860 3689 953 3765 calm
990 3693 1043 3750 des
1081 3695 1127 3753 12.
1149 3695 1256 3752 Jahrb.
1291 3698 1342 3752 mit

273 3780 415 3837 Noumen.
439 3779 492 3835 Hs.
515 3795 552 3834 nu
574 3777 724 3835 Miincheu
737 3777 821 3836 ¹(llus
845 3777 1008 3836 olli-'des
1029 3779 1198 3839 lamma.
1212 3782 1340 3839 atellen-

274 3867 346 3929 weis
369 3862 542 3920 liiclreuhast
563 3862 624 3918 und
645 3862 812 3919 verdorben
836 3863 901 3934 „als
925 3858 1119 3937 Hymnus“:)l.
1231 3873 1237 3920 ἱ

277 4020 302 4074 1.
317 4008 406 4075 Salv'e
429 4034 537 4091 parens
560 4018 663 4072 matris
675 4016 794 4083 Christi,
809 4015 838 4073 2.
851 4016 931 4073 Felix
954 4018 1013 4074 ista
1035 4019 1181 4092 genitura,

315 4101 432 4160 stellam
454 4103 525 4177 quia
545 4102 708 4182 protulisti,
732 4129 737 4139 ·
848 4119 908 4177 pro.
927 4093 987 4177 q⁵na
1004 4101 1083 4160 deus
1103 4093 1297 4184 irlhrtis‘lum

355 4187 433 4243 undc
458 4188 503 4243 sol
526 4189 654 4244 emicuit.
894 4186 1041 4262 dissipare
1062 4188 1165 4246 voluit.
1243 4205 1246 4208 ·
1278 4197 1283 4204 '

314 4272 378 4328 Lux
401 4272 438 4328 de
461 4272 527 4328 lucc
550 4271 650 4345 prodit
673 4278 746 4340 orta,
848 4274 971 4329 Auctrix
994 4273 1079 4330 Anna
1102 4276 1175 4331 tanti
1198 4274 1278 4344 boni,

314 4358 418 4413 clausa
439 4362 633 4431 permanente
656 4363 751 4429 porta,
850 4356 932 4415 cedis
943 4359 1166 4427 maledictioni,

355 4446 439 4499 vates
462 4447 496 4498 nt
516 4442 692 4516 praecinuit.
891 4446 977 4500 vetus
999 4444 1046 4500 lex
1070 4460 1159 4519 quam
1182 4446 1299 4502 statuit.
