3242 5134
276 645 362 701 fortis
385 650 419 701 tu
440 646 531 714 fuisti,
621 647 709 727 ¹⁰·.0
734 663 835 703 comes
857 645 1018 714 Pictaviae,

254 730 351 804 iagon
372 730 546 804 praecidisti
682 732 768 789 More
790 732 871 806 regis
894 731 999 789 Ninive

254 833 265 872 r
285 815 439 882 liminaria,
523 809 529 816 ’
719 816 881 873 Poenitens
903 821 934 872 te
955 815 1128 883 humiliasti,

255 917 270 956 s
292 906 384 974 caput
406 902 571 959 contrivisti
677 901 843 958 Ezechielis
872 901 1022 974 precibus,

254 1003 311 1042 ram
333 987 484 1059 peremisti
682 985 881 1061 Magdalenae
903 985 1022 1042 fletibus
1042 1057 1052 1068 ⁶

255 1069 437 1127 heremitica.
718 1070 1148 1145 Effluensvitamprolongasti.

254 1205 283 1245 as
305 1188 391 1255 Abel,
619 1190 665 1246 11.
679 1188 727 1244 ad
741 1189 819 1244 hanc
835 1172 925 1255 tuam,
941 1188 1019 1245 bone
1034 1196 1148 1262 pastor,

254 1274 302 1330 iris
323 1275 354 1329 in
375 1273 493 1339 Bethel‚
680 1274 844 1348 Singularis
867 1273 948 1330 serus
971 1291 1044 1347 aper
1181 1267 1183 1272 ’

254 1360 292 1414 sti
308 1357 398 1415 Iacob
420 1375 474 1432 pro
490 1358 613 1426 Rachel,
720 1358 765 1414 Ne
788 1356 926 1416 devastet
937 1359 1063 1425 vineam,

254 1441 395 1509 sIsabeL
677 1442 820 1500 Transfer
842 1445 901 1500 cito
925 1441 963 1500 de
985 1443 1136 1519 Aegypto,

255 1544 273 1584 e
296 1527 400 1584 Daniel
676 1527 835 1586 Pharaone
859 1527 1014 1594 suffocato,

254 1614 359 1670 laesus
382 1617 415 1667 ut
436 1612 574 1669 Mizahel.
720 1612 767 1668 Ad
789 1612 838 1670 dei
859 1613 963 1670 locans
986 1612 1147 1679 dexteram,

277 1749 336 1787 non
359 1733 435 1787 inter
449 1737 599 1805 parentes,
618 1731 665 1788 12.
681 1732 737 1789 Ubi
759 1733 826 1788 finis
847 1731 944 1789 bonae
965 1733 1055 1799 vitae,

254 1834 269 1872 s
291 1817 441 1890 fugientes
679 1816 727 1872 Ad
750 1835 839 1891 quem
860 1816 986 1873 tendunt
1007 1817 1148 1872 eremitae

254 1918 301 1967 nn,
324 1909 421 1968 notos,
444 1899 591 1973 patriam),
720 1902 913 1976 Aeternaque
936 1902 1073 1969 societas,

254 2003 492 2060 mregum,quem
500 1988 614 2053 amasti,
682 1985 830 2060 Splendor
850 1986 937 2052 lucis,
959 1986 1008 2042 via
1029 1987 1118 2051 vitae,

254 2090 277 2126 ,ιι
299 2076 332 2125 tu
354 2072 474 2127 intrasti
679 2070 789 2126 Pastor
810 2070 897 2138 bone,
921 2071 1000 2126 mina
1021 2072 1093 2127 mite

253 2175 282 2211 m
304 2154 396 2211 Redis
418 2155 578 2212 horridam.
721 2156 783 2212 Nos
806 2155 845 2211 ad
867 2156 937 2229 agni
959 2157 1087 2228 nuptias.
1124 2164 1148 2221 ²³,

254 2292 286 2331 us
309 2277 433 2331 metrica
460 2276 576 2331 ratione
599 2281 764 2332 commotus
791 2276 816 2333 1.
839 2274 1091 2331 Willihelmus.
1120 2275 1147 2334 7.

254 2362 278 2417 8.
302 2364 340 2415 ut
361 2359 460 2419 Abel.
492 2359 538 2417 10.
556 2378 611 2418 om.
627 2362 695 2434 qui.
722 2361 767 2417 11.
790 2364 904 2433 pater.
931 2361 978 2417 12.
1000 2365 1149 2418 aeterna

256 2490 263 2503 .
307 2445 348 2500 At
380 2448 410 2501 in
443 2446 545 2501 metris
579 2446 780 2519 negligentior
807 2446 863 2501 fuit
890 2449 981 2518 poeta
1003 2462 1093 2520 quam
1114 2451 1148 2504 ut

254 2531 330 2585 icari
352 2532 449 2603 possit
472 2532 646 2604 sequentiae
670 2532 827 2605 scriptura.
876 2530 921 2588 12.
945 2531 1078 2586 minare
1099 2546 1148 2577 ==

275 2615 322 2671 Du
345 2616 446 2690 Gange
470 2614 525 2671 sub
547 2615 575 2671 h.
598 2612 635 2683 a]

514 2778 718 2798 ........,.-

277 2892 415 2971 [Mumli
445 2896 626 2960 renovatio
653 2896 688 2960 et
714 2895 923 2960 mundorum
948 2897 1056 2961 natta
1104 2906 1149 2963 Dc

254 3006 302 3043 no.
325 2988 414 3046 Thes.
435 2987 471 3043 II.
495 3007 524 3060 p.
550 2985 629 3055 lilla]

520 3152 721 3162 ——————..-

254 3246 496 3326 {Sanctissimi
515 3249 703 3335 pontificis.
739 3260 783 3317 De
807 3259 836 3319 S.
858 3260 1015 3316 Erasmo.
1059 3260 1149 3318 Mons

254 3345 277 3401 2.
300 3343 365 3409 (Hs.
389 3362 425 3399 zu
448 3343 700 3401 Pommersfelden
722 3345 776 3400 No.
801 3344 884 3403 2926
909 3345 955 3403 15.
977 3339 1052 3415 Jh.)]
1084 3407 1088 3416 ¹

254 3464 315 3518 simi
338 3464 486 3535 pontificis
619 3465 646 3520 4.
662 3464 700 3519 Et
720 3465 848 3542 invictus
872 3470 904 3519 ut
926 3463 1050 3530 athleta,

254 3552 322 3603 tum
345 3549 459 3620 opificis
491 3587 496 3598 .
662 3548 748 3605 clade
769 3549 859 3634 huius
881 3551 960 3606 vitae
984 3554 1095 3623 spreta,

254 3635 284 3688 ni
307 3632 462 3687 sollemnia
703 3635 737 3690 fit
758 3651 812 3708 pro
836 3633 954 3691 Christo
976 3636 1102 3708 patiens.

616 3752 643 3811 5.
658 3753 734 3809 Nam
755 3753 862 3809 zabulo
884 3753 1059 3828 instigante,

254 3832 318 3892 ›rde
342 3836 519 3904 recolamus,
659 3838 844 3894 Diocletiano
868 3839 1033 3912 imperante

258 3927 287 3977 te
311 3922 502 3977 concinamus
701 3923 839 3979 turbatur
861 3924 1000 3990 ecclesia,

254 4023 500 4078 ins-praem&
616 4041 645 4099 6.
661 4040 746 4098 Unde
775 4059 913 4099 moerens
935 4042 1056 4115 praesul
1083 4057 1150 4099 san-

1028 4131 1104 4194 ctu,

258 4210 348 4265 huius
370 4209 470 4265 mundi
494 4212 579 4284 spina
659 4217 821 4286 postquam
853 4213 950 4268 saevit
979 4211 1061 4267 furor
1080 4146 1150 4269 stan·

254 4301 266 4351 t
286 4295 336 4350 lux
358 4297 511 4362 matutina,
1024 4301 1081 4363 tus,

254 4379 304 4436 leo
328 4381 470 4446 serviens,
701 4397 818 4454 pauper
838 4382 873 4438 flt
893 4382 1026 4439 eremita.
