3242 5134
255 691 261 728 c
284 690 318 730 se
339 672 549 730 Mauritius
683 674 752 731 Iesu
774 680 876 733 restro
900 677 1007 750 capite.

255 776 289 815 m
311 757 463 826 diffitetur,
686 759 868 834 Nequivistis
884 760 971 818 flecti.

255 860 261 899 c
284 845 370 917 niger
393 841 591 899 Candidus
643 877 670 935 5⁸
684 878 724 934 Ut
746 877 784 934 ad
806 878 945 934 thronum
968 877 1109 953 gradibus

255 926 298 984 lus
319 927 455 1026 habetur·
686 962 772 1019 Senis
795 961 1007 1030 ascentionum

262 1029 301 1068 ns
310 1030 354 1086 up
364 1029 380 1069 e
390 1032 421 1069 rr
430 1030 472 1069 us

255 1113 316 1154 tam
339 1103 505 1171 superetur,

255 1187 305 1239 tus
327 1183 489 1239 victoribus

255 1283 289 1323 or
311 1269 450 1323 societur.

255 1355 469 1408 inocentius

254 1452 342 1493 ocens
357 1442 488 1493 tenetur:

262 1521 357 1577 talis
380 1537 502 1577 munere

254 1622 280 1662 te
302 1609 435 1665 satietur,
642 1588 669 1647 o.
684 1589 777 1645 Senos
801 1590 864 1646 alas
887 1590 983 1647 tollite

683 1675 744 1730 Nos
766 1674 805 1731 ad
827 1674 1054 1750 protegendum,

254 1802 257 1821 .
281 1761 345 1815 seni
367 1776 518 1833 proceres,
687 1758 757 1815 Seni
780 1758 873 1816 duces
896 1759 990 1816 Israel

254 1844 274 1900 ti
295 1846 422 1917 perfecti
687 1842 735 1899 nd
756 1843 999 1902 benedicendum.

254 1929 322 1985 istis
345 1931 425 1985 acies
686 1928 874 1985 Ascendistis
896 1930 926 1983 in
941 1935 1087 1986 montem:

254 2030 267 2069 r
289 2014 372 2070 callis
394 2015 477 2072 recti.
686 2012 768 2068 Idem
791 2018 838 2069 est
859 2012 1016 2087 agendum,

254 2097 329 2154 llem
347 2100 486 2165 iustitiae,
685 2098 777 2154 Nobis
799 2097 983 2155 benedicite:
1085 2116 1087 2121 ·

258 2183 330 2238 licet
353 2185 437 2250 secti,
684 2183 779 2239 Amen
802 2187 850 2238 est
871 2181 1036 2239 dicendum

686 1048 829 1104 Bissenos
850 1048 1009 1104 leunculos

684 1131 724 1189 Ut
745 1150 804 1188 non
827 1134 999 1200 timeamus;

685 1217 724 1273 Ut
747 1210 1001 1291 sex'improperia

686 1301 845 1376 Nunquam
854 1299 1019 1369 audiamus,

686 1386 746 1442 Vos
763 1388 835 1453 seni,
846 1387 1019 1453 succurrite,

685 1470 787 1540 Nobis,
809 1472 1021 1545 supplicamus.

253 2299 282 2361 i.
305 2303 451 2357 triceni
488 2301 644 2358 annalis
674 2328 717 2337 —
751 2301 911 2358 militum
941 2302 1169 2367 effamini.

255 2426 262 2440 .
287 2384 318 2443 C.
341 2386 464 2443 muudi
486 2404 683 2443 numerum.
721 2386 784 2461 Ego
807 2386 877 2461 lego
906 2386 1040 2444 modus
1070 2390 1174 2447 nimi·

253 2488 347 2526 insum
368 2477 450 2529 recte
473 2472 617 2528 intellexit
638 2470 745 2527 Neale:
790 2472 860 2529 Dies
889 2474 954 2540 ista,
978 2475 1008 2530 in
1030 2491 1087 2547 qua
1108 2465 1181 2532 beor

253 2554 384 2629 lartpres
400 2560 486 2631 passi
513 2566 597 2624 sunt,
627 2557 780 2613 seecundum
809 2559 929 2630 repulus
957 2562 1172 2628 astronomicas,

253 2658 352 2714 crpore
373 2642 579 2715 aequinoctiali
601 2641 694 2708 cadat,
718 2648 828 2697 tantum
844 2645 937 2699 noctis
952 2652 1088 2715 quantum
1101 2646 1174 2701 lucis

253 2724 328 2781 lebet.
373 2728 462 2799 Atqui
484 2729 537 2792 iis,
575 2728 625 2799 qni
647 2728 677 2782 in
699 2743 818 2798 reprcunt
848 2728 921 2783 lacis
950 2731 1060 2802 recepti
1096 2738 1172 2796 sunt,

253 2815 296 2865 tus
318 2818 363 2867 cst
383 2813 555 2875 aeternalia
592 2813 659 2883 quio
683 2807 752 2866 ‘uox
780 2812 859 2866 ultro
888 2829 944 2867 non
966 2808 1041 2869 erit‘
1088 2813 1115 2871 2.
1139 2814 1174 2870 A.

253 2897 290 2950 to
311 2895 445 2953 fultus.
482 2896 515 2954 G.
553 2895 975 2953 talisfactumvultus.
1011 2896 1070 2953 Mo.
1106 2901 1174 2956 tali

254 2979 384 3035 tultus.
430 2980 494 3054 Ego
524 2979 742 3037 Admontanam
772 2979 951 3051 scripturam
988 2980 1064 3037 duco
1087 2986 1174 3041 unice

252 3062 374 3139 iterque
390 3064 484 3122 codex
497 3070 627 3122 testatur
649 3063 777 3121 medium
798 3063 898 3119 locum
920 3064 1054 3122 obtinere
1069 3084 1174 3125 vocem
1240 3123 1247 3130 ,

252 3166 276 3204 m
297 3149 334 3206 ab
356 3150 444 3206 litera
480 3151 511 3206 F.
534 3150 662 3206 Fatum
697 3154 727 3204 ct
748 3148 886 3205 lactum
906 3149 1068 3206 innumeris
1097 3153 1172 3210 locis

252 3236 294 3289 tut
315 3233 433 3293 librarii.
476 3235 690 3291 Drakenborch
713 3232 751 3289 ad
775 3234 903 3291 Statium
928 3235 954 3302 1,
977 3233 1047 3292 277.
1074 3238 1120 3292 ll.
1145 3238 1172 3296 9.

252 3316 295 3374 cli
316 3319 395 3375 fato
417 3319 537 3376 fultus
561 3324 608 3375 cst
630 3318 710 3384 dics,
741 3320 792 3393 qui
828 3316 885 3374 hac
916 3319 984 3393 lege
1007 3321 1175 3379 continetur

252 3406 364 3472 utatur,
397 3411 431 3461 ut
452 3409 508 3461 eto.
557 3404 663 3460 Neale:
702 3403 853 3459 Sententia
869 3405 1062 3477 perobscura:
1090 3425 1175 3480 quam

252 3494 275 3543 to
310 3490 440 3563 intellipo
469 3498 502 3547 ut
531 3490 562 3545 id
589 3491 734 3563 exprimat
762 3487 840 3560 quod
866 3496 896 3543 er
923 3489 952 3543 V.
975 3488 1175 3548 Hildebertus:

253 3574 330 3630 titi
365 3576 545 3649 corruptela,
583 3575 645 3630 Non
675 3574 820 3643 desectus,
856 3591 913 3628 non
942 3575 1076 3646 querela:
1112 3577 1176 3635 Non

252 3657 301 3714 ton
315 3658 477 3730 deformes;
501 3659 602 3717 Ocnum
621 3659 732 3717 Christo
746 3664 817 3714 sunt
827 3654 1014 3727 conformes:‘
1038 3669 1067 3717 ct
1078 3670 1177 3719 noster

252 3759 294 3800 ss:

266 3859 326 3918 tte
347 3864 444 3936 infant
464 3864 595 3923 mandas
617 3864 678 3922 loru
700 3862 736 3917 lc
758 3877 837 3915 come
858 3879 891 3916 so
913 3861 969 3929 old,

267 3945 326 4003 tte
348 3949 397 4005 old
417 3968 482 4006 man
504 3952 566 4007 loro
588 3950 624 4006 le
646 3963 779 4003 comeso
799 3963 896 4019 younp
919 3947 1015 4019 apoin.

251 4083 269 4121 s
297 4069 390 4124 credit
424 4070 572 4135 Ecclesia,
602 4085 723 4143 corpora
755 4062 902 4135 fidelium,
926 4073 998 4139 post
1031 4084 1180 4127 rerurrec-

259 4152 360 4225 llorcm
388 4156 545 4212 iurentutir
573 4163 757 4230 assumptura
788 4166 861 4205 estc.
912 4144 1009 4207 ‘Nemo
1033 4154 1071 4224 fit
1097 4155 1179 4213 adul·

251 4253 273 4293 to
309 4239 340 4293 in
368 4241 453 4296 cerlo
486 4242 558 4297 latet
585 4242 616 4296 iu
650 4238 779 4297 deterius
806 4236 1002 4291 conversionis
1038 4237 1111 4295 idco.
1149 4241 1177 4298 3.
1273 4263 1275 4271 ·

251 4320 427 4393 [autfertum
449 4332 494 4381 est
510 4330 639 4399 pollam,
665 4319 870 4403 paronomasia
891 4321 965 4375 satit
981 4322 1126 4395 enpanti,
1150 4328 1180 4382 in

251 4405 306 4464 88.
328 4408 493 4482 Martyrum
516 4411 624 4470 ludere.
665 4412 716 4469 Ex
737 4411 793 4472 ll&
822 4420 897 4476 lm
925 4406 1072 4476 wilm>
1108 4402 1182 4468 lim

923 4511 972 4567 20*
