<?xml version="1.0" encoding="UTF-8"?>
<!DOCTYPE html PUBLIC "-//W3C//DTD XHTML 1.0 Transitional//EN"
    "http://www.w3.org/TR/xhtml1/DTD/xhtml1-transitional.dtd">
<html xmlns="http://www.w3.org/1999/xhtml" xml:lang="en" lang="en">
 <head>
  <title>
</title>
<meta http-equiv="Content-Type" content="text/html;charset=utf-8" />
  <meta name='ocr-system' content='tesseract 3.04.00' />
  <meta name='ocr-capabilities' content='ocr_page ocr_carea ocr_par ocr_line ocrx_word'/>
</head>
<body>
  <div class='ocr_page' id='page_1' title='image "./thesaurushymnol01danigoog_0299.png"; bbox 0 0 3242 5134; ppageno 0'>
   <div class='ocr_carea' id='block_1_1' title="bbox 292 682 1340 1184">
    <p class='ocr_par' dir='ltr' id='par_1_1' title="bbox 292 682 1340 1184">
     <span class='ocr_line' id='line_1_1' title="bbox 292 682 1325 760; baseline 0.002 -18"><span class='ocrx_word' id='word_1_1' title='bbox 292 686 324 742; x_wconf 88' lang='lat'>1.</span> <span class='ocrx_word' id='word_1_2' title='bbox 339 682 436 741; x_wconf 82' lang='lat' dir='ltr'>Adest</span> <span class='ocrx_word' id='word_1_3' title='bbox 457 683 522 741; x_wconf 79' lang='lat' dir='ltr'>dies</span> <span class='ocrx_word' id='word_1_4' title='bbox 545 685 685 760; x_wconf 77' lang='lat' dir='ltr'>gloriosa,</span> <span class='ocrx_word' id='word_1_5' title='bbox 828 686 856 745; x_wconf 81' lang='lat'>3.</span> <span class='ocrx_word' id='word_1_6' title='bbox 871 686 963 759; x_wconf 76' lang='lat' dir='ltr'>Signo</span> <span class='ocrx_word' id='word_1_7' title='bbox 986 687 1082 741; x_wconf 85' lang='lat' dir='ltr'>erneis</span> <span class='ocrx_word' id='word_1_8' title='bbox 1106 688 1187 742; x_wconf 78' lang='lat' dir='ltr'>oaesi</span> <span class='ocrx_word' id='word_1_9' title='bbox 1215 686 1325 755; x_wconf 85' lang='lat' dir='ltr'>rident,</span> 
     </span>
     <span class='ocr_line' id='line_1_2' title="bbox 338 769 1290 844; baseline 0.003 -18"><span class='ocrx_word' id='word_1_10' title='bbox 338 769 401 826; x_wconf 83' lang='lat' dir='ltr'>dies</span> <span class='ocrx_word' id='word_1_11' title='bbox 422 769 504 826; x_wconf 76' lang='lat' dir='ltr'>laets</span> <span class='ocrx_word' id='word_1_12' title='bbox 525 775 556 826; x_wconf 81' lang='lat' dir='ltr'>et</span> <span class='ocrx_word' id='word_1_13' title='bbox 576 770 700 838; x_wconf 79' lang='lat' dir='ltr'>famose,</span> <span class='ocrx_word' id='word_1_14' title='bbox 871 771 964 827; x_wconf 85' lang='lat' dir='ltr'>multa</span> <span class='ocrx_word' id='word_1_15' title='bbox 987 771 1072 844; x_wconf 75' lang='lat' dir='ltr'>signa</span> <span class='ocrx_word' id='word_1_16' title='bbox 1092 770 1164 827; x_wconf 86' lang='lat' dir='ltr'>foris</span> <span class='ocrx_word' id='word_1_17' title='bbox 1187 774 1290 839; x_wconf 79' lang='lat' dir='ltr'>nitent,</span> 
     </span>
     <span class='ocr_line' id='line_1_3' title="bbox 358 853 1242 929; baseline 0 -18"><span class='ocrx_word' id='word_1_18' title='bbox 358 854 422 911; x_wconf 86' lang='lat' dir='ltr'>dies</span> <span class='ocrx_word' id='word_1_19' title='bbox 445 855 545 929; x_wconf 75' lang='lat' dir='ltr'>magni</span> <span class='ocrx_word' id='word_1_20' title='bbox 567 854 681 929; x_wconf 71' lang='lat' dir='ltr'>gaudii:</span> <span class='ocrx_word' id='word_1_21' title='bbox 893 857 1001 912; x_wconf 86' lang='lat' dir='ltr'>erescit</span> <span class='ocrx_word' id='word_1_22' title='bbox 1021 853 1096 912; x_wconf 87' lang='lat' dir='ltr'>fides</span> <span class='ocrx_word' id='word_1_23' title='bbox 1121 855 1242 913; x_wconf 91' lang='lat' dir='ltr'>domini:</span> 
     </span>
     <span class='ocr_line' id='line_1_4' title="bbox 339 939 1340 1015; baseline 0.004 -20"><span class='ocrx_word' id='word_1_24' title='bbox 339 939 422 996; x_wconf 87' lang='lat' dir='ltr'>Diem</span> <span class='ocrx_word' id='word_1_25' title='bbox 443 941 534 997; x_wconf 84' lang='lat' dir='ltr'>istum</span> <span class='ocrx_word' id='word_1_26' title='bbox 556 942 742 998; x_wconf 86' lang='lat' dir='ltr'>consecravit</span> <span class='ocrx_word' id='word_1_27' title='bbox 870 941 951 997; x_wconf 81' lang='lat' dir='ltr'><strong>Inter</strong></span> <span class='ocrx_word' id='word_1_28' title='bbox 972 939 1098 1007; x_wconf 88' lang='lat' dir='ltr'>multos,</span> <span class='ocrx_word' id='word_1_29' title='bbox 1122 942 1173 1015; x_wconf 90' lang='lat' dir='ltr'>qui</span> <span class='ocrx_word' id='word_1_30' title='bbox 1195 941 1340 1000; x_wconf 77' lang='lat' dir='ltr'>vocantur</span> 
     </span>
     <span class='ocr_line' id='line_1_5' title="bbox 342 1025 1308 1100; baseline 0.004 -20"><span class='ocrx_word' id='word_1_31' title='bbox 342 1025 462 1099; x_wconf 74' lang='lat' dir='ltr'>sangine</span> <span class='ocrx_word' id='word_1_32' title='bbox 485 1042 579 1091; x_wconf 83' lang='lat' dir='ltr'>sacer,</span> <span class='ocrx_word' id='word_1_33' title='bbox 604 1028 654 1100; x_wconf 92' lang='lat' dir='ltr'>qui</span> <span class='ocrx_word' id='word_1_34' title='bbox 677 1027 806 1083; x_wconf 84' lang='lat' dir='ltr'>manavit</span> <span class='ocrx_word' id='word_1_35' title='bbox 871 1031 902 1082; x_wconf 92' lang='lat' dir='ltr'>et</span> <span class='ocrx_word' id='word_1_36' title='bbox 922 1026 1071 1099; x_wconf 84' lang='lat' dir='ltr'>baptismo</span> <span class='ocrx_word' id='word_1_37' title='bbox 1096 1033 1308 1084; x_wconf 89' lang='lat' dir='ltr'>consecrantur</span> 
     </span>
     <span class='ocr_line' id='line_1_6' title="bbox 359 1108 1261 1184; baseline 0.003 -19"><span class='ocrx_word' id='word_1_38' title='bbox 359 1111 498 1183; x_wconf 81' lang='lat' dir='ltr'>martyris</span> <span class='ocrx_word' id='word_1_39' title='bbox 519 1108 679 1167; x_wconf 84' lang='lat' dir='ltr'>Laurentii.</span> <span class='ocrx_word' id='word_1_40' title='bbox 892 1110 997 1166; x_wconf 88' lang='lat' dir='ltr'>domus</span> <span class='ocrx_word' id='word_1_41' title='bbox 1021 1116 1067 1166; x_wconf 88' lang='lat' dir='ltr'>est</span> <span class='ocrx_word' id='word_1_42' title='bbox 1090 1111 1261 1184; x_wconf 84' lang='lat' dir='ltr'>Hippolyti3</span> 
     </span>
    </p>
   </div>
   <div class='ocr_carea' id='block_1_2' title="bbox 280 1226 1342 1641">
    <p class='ocr_par' dir='ltr' id='par_1_2' title="bbox 280 1226 1342 1641">
     <span class='ocr_line' id='line_1_7' title="bbox 280 1226 1281 1304; baseline 0.001 -19"><span class='ocrx_word' id='word_1_43' title='bbox 280 1226 369 1285; x_wconf 72' lang='lat'>2111</span> <span class='ocrx_word' id='word_1_44' title='bbox 390 1227 525 1285; x_wconf 78' lang='lat' dir='ltr'>Romane</span> <span class='ocrx_word' id='word_1_45' title='bbox 547 1228 619 1285; x_wconf 89' lang='lat' dir='ltr'>sede</span> <span class='ocrx_word' id='word_1_46' title='bbox 642 1228 778 1287; x_wconf 86' lang='lat' dir='ltr'>Christus</span> <span class='ocrx_word' id='word_1_47' title='bbox 805 1230 855 1304; x_wconf 68' lang='lat' dir='ltr'>e.</span> <span class='ocrx_word' id='word_1_48' title='bbox 870 1229 982 1286; x_wconf 87' lang='lat' dir='ltr'>Domus</span> <span class='ocrx_word' id='word_1_49' title='bbox 1006 1230 1068 1284; x_wconf 89' lang='lat' dir='ltr'>eius</span> <span class='ocrx_word' id='word_1_50' title='bbox 1092 1233 1156 1284; x_wconf 88' lang='lat' dir='ltr'>tota</span> <span class='ocrx_word' id='word_1_51' title='bbox 1179 1229 1281 1298; x_wconf 87' lang='lat' dir='ltr'>credit,</span> 
     </span>
     <span class='ocr_line' id='line_1_8' title="bbox 342 1311 1342 1388; baseline 0.001 -19"><span class='ocrx_word' id='word_1_52' title='bbox 342 1311 418 1370; x_wconf 81' lang='lat' dir='ltr'>hune</span> <span class='ocrx_word' id='word_1_53' title='bbox 440 1314 575 1387; x_wconf 80' lang='lat' dir='ltr'>perierit,</span> <span class='ocrx_word' id='word_1_54' title='bbox 599 1313 807 1388; x_wconf 82' lang='lat' dir='ltr'>qnandoXys·</span> <span class='ocrx_word' id='word_1_55' title='bbox 872 1331 961 1388; x_wconf 83' lang='lat' dir='ltr'>quam</span> <span class='ocrx_word' id='word_1_56' title='bbox 994 1332 1048 1388; x_wconf 91' lang='lat' dir='ltr'>pro</span> <span class='ocrx_word' id='word_1_57' title='bbox 1085 1312 1204 1370; x_wconf 90' lang='lat' dir='ltr'>Christo</span> <span class='ocrx_word' id='word_1_58' title='bbox 1238 1332 1342 1373; x_wconf 84' lang='lat' dir='ltr'>caesar</span> 
     </span>
     <span class='ocr_line' id='line_1_9' title="bbox 357 1398 1264 1560; baseline 0.002 -20"><span class='ocrx_word' id='word_1_59' title='bbox 357 1499 456 1558; x_wconf 77' lang='lat' dir='ltr'>papae</span> <span class='ocrx_word' id='word_1_60' title='bbox 478 1484 577 1540; x_wconf 84' lang='lat' dir='ltr'>locum</span> <span class='ocrx_word' id='word_1_61' title='bbox 598 1405 729 1552; x_wconf 40' lang='lat' dir='ltr'>tenui?ls</span> <span class='ocrx_word' id='word_1_62' title='bbox 895 1484 958 1542; x_wconf 88' lang='lat' dir='ltr'>dira</span> <span class='ocrx_word' id='word_1_63' title='bbox 979 1499 1035 1558; x_wconf 87' lang='lat' dir='ltr'>per</span> <span class='ocrx_word' id='word_1_64' title='bbox 1057 1398 1264 1560; x_wconf 51' lang='grc' dir='ltr'>ευρρϋοοίΐιῗὼι</span> 
     </span>
     <span class='ocr_line' id='line_1_10' title="bbox 338 1567 1339 1641; baseline 0.002 -16"><span class='ocrx_word' id='word_1_65' title='bbox 338 1567 392 1626; x_wconf 83' lang='lat' dir='ltr'>Hie</span> <span class='ocrx_word' id='word_1_66' title='bbox 415 1568 575 1626; x_wconf 79' lang='lat' dir='ltr'>thesauros</span> <span class='ocrx_word' id='word_1_67' title='bbox 598 1569 654 1626; x_wconf 83' lang='lat' dir='ltr'>sibi</span> <span class='ocrx_word' id='word_1_68' title='bbox 677 1568 764 1626; x_wconf 84' lang='lat' dir='ltr'>datos</span> <span class='ocrx_word' id='word_1_69' title='bbox 871 1568 1204 1641; x_wconf 88' lang='lat' dir='ltr'>Posthaeemartyrest</span> <span class='ocrx_word' id='word_1_70' title='bbox 1220 1577 1339 1627; x_wconf 88' lang='lat' dir='ltr'>assatus</span> 
     </span>
    </p>
   </div>
   <div class='ocr_carea' id='block_1_3' title="bbox 337 1652 1461 1729">
    <p class='ocr_par' dir='ltr' id='par_1_3' title="bbox 337 1652 1461 1729">
     <span class='ocr_line' id='line_1_11' title="bbox 337 1652 1461 1729; baseline 0.003 -19"><span class='ocrx_word' id='word_1_71' title='bbox 337 1652 539 1727; x_wconf 81' lang='lat' dir='ltr'>dispergendo</span> <span class='ocrx_word' id='word_1_72' title='bbox 562 1654 633 1711; x_wconf 83' lang='lat' dir='ltr'>feeit</span> <span class='ocrx_word' id='word_1_73' title='bbox 659 1660 771 1729; x_wconf 79' lang='lat' dir='ltr'>gratos,</span> <span class='ocrx_word' id='word_1_74' title='bbox 872 1660 902 1711; x_wconf 90' lang='lat' dir='ltr'>et</span> <span class='ocrx_word' id='word_1_75' title='bbox 924 1672 978 1728; x_wconf 92' lang='lat' dir='ltr'>per</span> <span class='ocrx_word' id='word_1_76' title='bbox 999 1656 1099 1728; x_wconf 81' lang='lat' dir='ltr'>ignem</span> <span class='ocrx_word' id='word_1_77' title='bbox 1129 1655 1340 1727; x_wconf 84' lang='lat' dir='ltr'>comprobatus</span> <span class='ocrx_word' id='word_1_78' title='bbox 1455 1680 1461 1690; x_wconf 65' lang='grc'><strong>’</strong></span> 
     </span>
    </p>
   </div>
   <div class='ocr_carea' id='block_1_4' title="bbox 336 1738 1225 1812">
    <p class='ocr_par' dir='ltr' id='par_1_4' title="bbox 336 1738 1225 1812">
     <span class='ocr_line' id='line_1_12' title="bbox 336 1738 1225 1812; baseline -0.003 -14"><span class='ocrx_word' id='word_1_79' title='bbox 336 1738 400 1798; x_wconf 89' lang='lat' dir='ltr'>.nil</span> <span class='ocrx_word' id='word_1_80' title='bbox 423 1739 479 1796; x_wconf 85' lang='lat' dir='ltr'>sibi</span> <span class='ocrx_word' id='word_1_81' title='bbox 501 1741 631 1796; x_wconf 90' lang='lat' dir='ltr'>retinuit.</span> <span class='ocrx_word' id='word_1_82' title='bbox 833 1797 836 1804; x_wconf 76' lang='grc'><em>,</em></span> <span class='ocrx_word' id='word_1_83' title='bbox 891 1741 982 1796; x_wconf 81' lang='lat' dir='ltr'>intrat</span> <span class='ocrx_word' id='word_1_84' title='bbox 1005 1740 1079 1795; x_wconf 89' lang='lat' dir='ltr'>coeii</span> <span class='ocrx_word' id='word_1_85' title='bbox 1102 1738 1225 1812; x_wconf 85' lang='lat' dir='ltr'>gaudia;</span> 
     </span>
    </p>
   </div>
   <div class='ocr_carea' id='block_1_5' title="bbox 530 1857 1056 2341">
    <p class='ocr_par' dir='ltr' id='par_1_5' title="bbox 530 1857 1056 2341">
     <span class='ocr_line' id='line_1_13' title="bbox 530 1857 1056 1933; baseline -0.004 -17"><span class='ocrx_word' id='word_1_86' title='bbox 530 1857 558 1916; x_wconf 75' lang='grc'>5.</span> <span class='ocrx_word' id='word_1_87' title='bbox 581 1857 628 1915; x_wconf 81' lang='lat' dir='ltr'>Ad</span> <span class='ocrx_word' id='word_1_88' title='bbox 651 1876 739 1933; x_wconf 89' lang='lat' dir='ltr'>quem</span> <span class='ocrx_word' id='word_1_89' title='bbox 762 1875 817 1915; x_wconf 88' lang='lat' dir='ltr'>sua</span> <span class='ocrx_word' id='word_1_90' title='bbox 840 1862 945 1914; x_wconf 87' lang='lat' dir='ltr'>sancta</span> <span class='ocrx_word' id='word_1_91' title='bbox 965 1875 1056 1932; x_wconf 82' lang='lat' dir='ltr'>prece</span> 
     </span>
     <span class='ocr_line' id='line_1_14' title="bbox 580 1942 1052 2016; baseline -0.004 -17"><span class='ocrx_word' id='word_1_92' title='bbox 580 1960 635 1999; x_wconf 91' lang='lat' dir='ltr'>nos</span> <span class='ocrx_word' id='word_1_93' title='bbox 657 1942 815 2000; x_wconf 88' lang='lat' dir='ltr'>mundatos</span> <span class='ocrx_word' id='word_1_94' title='bbox 839 1943 946 2016; x_wconf 84' lang='lat' dir='ltr'>eulpae</span> <span class='ocrx_word' id='word_1_95' title='bbox 968 1942 1052 2010; x_wconf 77' lang='lat' dir='ltr'>faece</span> 
     </span>
     <span class='ocr_line' id='line_1_15' title="bbox 601 2026 871 2095; baseline 0 -12"><span class='ocrx_word' id='word_1_96' title='bbox 601 2026 691 2086; x_wconf 72' lang='lat' dir='ltr'>dunat</span> <span class='ocrx_word' id='word_1_97' title='bbox 713 2027 761 2084; x_wconf 90' lang='lat' dir='ltr'>dei</span> <span class='ocrx_word' id='word_1_98' title='bbox 783 2029 871 2095; x_wconf 90' lang='lat' dir='ltr'>filius,</span> 
     </span>
     <span class='ocr_line' id='line_1_16' title="bbox 581 2112 1031 2188; baseline -0.007 -18"><span class='ocrx_word' id='word_1_99' title='bbox 581 2112 638 2183; x_wconf 81' lang='lat' dir='ltr'>Qui</span> <span class='ocrx_word' id='word_1_100' title='bbox 659 2132 714 2188; x_wconf 91' lang='lat' dir='ltr'>pro</span> <span class='ocrx_word' id='word_1_101' title='bbox 737 2114 823 2170; x_wconf 89' lang='lat' dir='ltr'>nobis</span> <span class='ocrx_word' id='word_1_102' title='bbox 845 2113 900 2168; x_wconf 83' lang='lat' dir='ltr'>fuit</span> <span class='ocrx_word' id='word_1_103' title='bbox 922 2128 1031 2185; x_wconf 86' lang='lat' dir='ltr'>passus</span> 
     </span>
     <span class='ocr_line' id='line_1_17' title="bbox 579 2199 1041 2274; baseline -0.006 -20"><span class='ocrx_word' id='word_1_104' title='bbox 579 2204 610 2254; x_wconf 87' lang='lat' dir='ltr'>et</span> <span class='ocrx_word' id='word_1_105' title='bbox 632 2216 686 2272; x_wconf 90' lang='lat' dir='ltr'>pro</span> <span class='ocrx_word' id='word_1_106' title='bbox 709 2217 768 2274; x_wconf 88' lang='lat' dir='ltr'>quo</span> <span class='ocrx_word' id='word_1_107' title='bbox 791 2203 839 2254; x_wconf 89' lang='lat' dir='ltr'>est</span> <span class='ocrx_word' id='word_1_108' title='bbox 860 2199 929 2271; x_wconf 85' lang='lat' dir='ltr'>igne</span> <span class='ocrx_word' id='word_1_109' title='bbox 952 2213 1041 2253; x_wconf 83' lang='lat' dir='ltr'>assus</span> 
     </span>
     <span class='ocr_line' id='line_1_18' title="bbox 601 2284 902 2341; baseline -0.007 -2"><span class='ocrx_word' id='word_1_110' title='bbox 601 2284 693 2341; x_wconf 84' lang='lat' dir='ltr'>levita</span> <span class='ocrx_word' id='word_1_111' title='bbox 714 2284 902 2340; x_wconf 80' lang='lat' dir='ltr'>Laurentius.</span> 
     </span>
    </p>
   </div>
   <div class='ocr_carea' id='block_1_6' title="bbox 360 2510 1344 2597">
    <p class='ocr_par' dir='ltr' id='par_1_6' title="bbox 360 2510 1344 2597">
     <span class='ocr_line' id='line_1_19' title="bbox 360 2510 1344 2597; baseline -0.003 -18"><span class='ocrx_word' id='word_1_112' title='bbox 360 2521 431 2579; x_wconf 76' lang='lat'>577.</span> <span class='ocrx_word' id='word_1_113' title='bbox 457 2510 608 2591; x_wconf 67' lang='lat' dir='ltr'>[Madet</span> <span class='ocrx_word' id='word_1_114' title='bbox 628 2512 733 2578; x_wconf 80' lang='lat' dir='ltr'>laude</span> <span class='ocrx_word' id='word_1_115' title='bbox 756 2512 941 2597; x_wconf 77' lang='lat' dir='ltr'>speeiem..</span> <span class='ocrx_word' id='word_1_116' title='bbox 976 2521 1019 2575; x_wconf 82' lang='lat' dir='ltr'>De</span> <span class='ocrx_word' id='word_1_117' title='bbox 1043 2520 1070 2575; x_wconf 89' lang='lat' dir='ltr'>S.</span> <span class='ocrx_word' id='word_1_118' title='bbox 1094 2519 1344 2593; x_wconf 80' lang='lat' dir='ltr'>Radegunde.</span> 
     </span>
    </p>
   </div>
   <div class='ocr_carea' id='block_1_7' title="bbox 255 2592 1340 2680">
    <p class='ocr_par' dir='ltr' id='par_1_7' title="bbox 255 2592 1340 2680">
     <span class='ocr_line' id='line_1_20' title="bbox 255 2592 1340 2680; baseline 0.009 -26"><span class='ocrx_word' id='word_1_119' title='bbox 255 2592 355 2660; x_wconf 77' lang='lat' dir='ltr'><strong>XIII.</strong></span> <span class='ocrx_word' id='word_1_120' title='bbox 379 2606 457 2680; x_wconf 77' lang='lat' dir='ltr'>Aug.</span> <span class='ocrx_word' id='word_1_121' title='bbox 501 2605 621 2662; x_wconf 84' lang='lat' dir='ltr'>Neale</span> <span class='ocrx_word' id='word_1_122' title='bbox 645 2605 712 2680; x_wconf 90' lang='lat' dir='ltr'>Seq.</span> <span class='ocrx_word' id='word_1_123' title='bbox 735 2626 763 2680; x_wconf 91' lang='lat' dir='ltr'>p.</span> <span class='ocrx_word' id='word_1_124' title='bbox 779 2605 846 2663; x_wconf 80' lang='lat'><strong>167.</strong></span> <span class='ocrx_word' id='word_1_125' title='bbox 870 2623 886 2660; x_wconf 93' lang='lat' dir='ltr'>e</span> <span class='ocrx_word' id='word_1_126' title='bbox 908 2605 1023 2660; x_wconf 90' lang='lat' dir='ltr'>Missali</span> <span class='ocrx_word' id='word_1_127' title='bbox 1046 2602 1222 2660; x_wconf 87' lang='lat' dir='ltr'>Redonensi·</span> <span class='ocrx_word' id='word_1_128' title='bbox 1241 2601 1340 2676; x_wconf 61' lang='lat'><strong>1523]</strong></span> 
     </span>
    </p>
   </div>
   <div class='ocr_carea' id='block_1_8' title="bbox 262 2722 1351 4496">
    <p class='ocr_par' dir='ltr' id='par_1_8' title="bbox 262 2722 1351 4496">
     <span class='ocr_line' id='line_1_21' title="bbox 340 2722 1287 2797; baseline 0 -17"><span class='ocrx_word' id='word_1_129' title='bbox 340 2722 458 2782; x_wconf 78' lang='lat' dir='ltr'>Laudet</span> <span class='ocrx_word' id='word_1_130' title='bbox 479 2722 567 2781; x_wconf 88' lang='lat' dir='ltr'>lende</span> <span class='ocrx_word' id='word_1_131' title='bbox 590 2726 728 2797; x_wconf 84' lang='lat' dir='ltr'>speciosa</span> <span class='ocrx_word' id='word_1_132' title='bbox 878 2722 979 2779; x_wconf 89' lang='lat' dir='ltr'>Omnis</span> <span class='ocrx_word' id='word_1_133' title='bbox 1002 2728 1087 2779; x_wconf 87' lang='lat' dir='ltr'>aetas</span> <span class='ocrx_word' id='word_1_134' title='bbox 1110 2727 1140 2779; x_wconf 91' lang='lat' dir='ltr'>et</span> <span class='ocrx_word' id='word_1_135' title='bbox 1161 2728 1287 2797; x_wconf 88' lang='lat' dir='ltr'>uterque</span> 
     </span>
     <span class='ocr_line' id='line_1_22' title="bbox 362 2807 1158 2882; baseline -0.004 -16"><span class='ocrx_word' id='word_1_136' title='bbox 362 2808 420 2879; x_wconf 83' lang='lat' dir='ltr'>Qui</span> <span class='ocrx_word' id='word_1_137' title='bbox 442 2808 542 2867; x_wconf 81' lang='lat' dir='ltr'>divina</span> <span class='ocrx_word' id='word_1_138' title='bbox 564 2812 662 2882; x_wconf 80' lang='lat' dir='ltr'>gratia</span> <span class='ocrx_word' id='word_1_139' title='bbox 899 2810 993 2865; x_wconf 87' lang='lat' dir='ltr'>Sexus</span> <span class='ocrx_word' id='word_1_140' title='bbox 1017 2807 1158 2864; x_wconf 86' lang='lat' dir='ltr'>salutaria</span> 
     </span>
     <span class='ocr_line' id='line_1_23' title="bbox 342 2892 1234 2966; baseline -0.002 -16"><span class='ocrx_word' id='word_1_141' title='bbox 342 2893 499 2952; x_wconf 71' lang='lat' dir='ltr'>Liberatus</span> <span class='ocrx_word' id='word_1_142' title='bbox 522 2911 540 2950; x_wconf 88' lang='lat' dir='ltr'>a</span> <span class='ocrx_word' id='word_1_143' title='bbox 561 2900 647 2951; x_wconf 83' lang='lat' dir='ltr'>reatu</span> <span class='ocrx_word' id='word_1_144' title='bbox 872 2895 934 2949; x_wconf 91' lang='lat' dir='ltr'>Deo</span> <span class='ocrx_word' id='word_1_145' title='bbox 959 2895 1115 2966; x_wconf 77' lang='lat' dir='ltr'>speciosae</span> <span class='ocrx_word' id='word_1_146' title='bbox 1136 2892 1234 2949; x_wconf 87' lang='lat' dir='ltr'>laudis</span> 
     </span>
     <span class='ocr_line' id='line_1_24' title="bbox 362 2978 1166 3037; baseline 0 -2"><span class='ocrx_word' id='word_1_147' title='bbox 362 2979 471 3037; x_wconf 78' lang='lat' dir='ltr'>Tendit</span> <span class='ocrx_word' id='word_1_148' title='bbox 493 2979 530 3035; x_wconf 83' lang='lat' dir='ltr'>ad</span> <span class='ocrx_word' id='word_1_149' title='bbox 554 2980 710 3036; x_wconf 85' lang='lat' dir='ltr'>eoelestia:</span> <span class='ocrx_word' id='word_1_150' title='bbox 897 2978 991 3034; x_wconf 86' lang='lat' dir='ltr'>Offert</span> <span class='ocrx_word' id='word_1_151' title='bbox 1014 2979 1166 3035; x_wconf 81' lang='lat' dir='ltr'>sacrificia.</span> 
     </span>
     <span class='ocr_line' id='line_1_25' title="bbox 346 3064 1344 3139; baseline -0.003 -19"><span class='ocrx_word' id='word_1_152' title='bbox 346 3064 391 3129; x_wconf 70' lang='lat' dir='ltr'>Ad,</span> <span class='ocrx_word' id='word_1_153' title='bbox 413 3081 493 3139; x_wconf 81' lang='lat' dir='ltr'>quae</span> <span class='ocrx_word' id='word_1_154' title='bbox 515 3069 598 3120; x_wconf 79' lang='lat' dir='ltr'>certa</span> <span class='ocrx_word' id='word_1_155' title='bbox 620 3081 675 3136; x_wconf 89' lang='lat' dir='ltr'>spe</span> <span class='ocrx_word' id='word_1_156' title='bbox 689 3069 811 3121; x_wconf 88' lang='lat' dir='ltr'>eonten—</span> <span class='ocrx_word' id='word_1_157' title='bbox 875 3064 969 3118; x_wconf 91' lang='lat' dir='ltr'>Nemo</span> <span class='ocrx_word' id='word_1_158' title='bbox 993 3080 1116 3135; x_wconf 90' lang='lat' dir='ltr'>prorsus</span> <span class='ocrx_word' id='word_1_159' title='bbox 1140 3068 1187 3118; x_wconf 85' lang='lat' dir='ltr'>est</span> <span class='ocrx_word' id='word_1_160' title='bbox 1202 3068 1344 3134; x_wconf 86' lang='lat' dir='ltr'>expertus</span> 
     </span>
     <span class='ocr_line' id='line_1_26' title="bbox 684 3146 1274 3217; baseline -0.005 -13"><span class='ocrx_word' id='word_1_161' title='bbox 684 3148 767 3217; x_wconf 89' lang='lat' dir='ltr'>dens,</span> <span class='ocrx_word' id='word_1_162' title='bbox 896 3147 942 3204; x_wconf 83' lang='lat' dir='ltr'>Ab</span> <span class='ocrx_word' id='word_1_163' title='bbox 965 3148 1022 3203; x_wconf 83' lang='lat' dir='ltr'>hac</span> <span class='ocrx_word' id='word_1_164' title='bbox 1045 3146 1142 3202; x_wconf 90' lang='lat' dir='ltr'>laudis</span> <span class='ocrx_word' id='word_1_165' title='bbox 1165 3148 1274 3214; x_wconf 88' lang='lat' dir='ltr'>hostia,</span> 
     </span>
     <span class='ocr_line' id='line_1_27' title="bbox 362 3231 1282 3309; baseline -0.005 -18"><span class='ocrx_word' id='word_1_166' title='bbox 362 3235 499 3309; x_wconf 86' lang='lat' dir='ltr'>Despicit</span> <span class='ocrx_word' id='word_1_167' title='bbox 519 3235 682 3299; x_wconf 83' lang='lat' dir='ltr'>terrestria,</span> <span class='ocrx_word' id='word_1_168' title='bbox 873 3232 931 3302; x_wconf 84' lang='lat' dir='ltr'>Qui</span> <span class='ocrx_word' id='word_1_169' title='bbox 953 3232 1001 3289; x_wconf 83' lang='lat' dir='ltr'>vel</span> <span class='ocrx_word' id='word_1_170' title='bbox 1023 3236 1122 3287; x_wconf 88' lang='lat' dir='ltr'>mente</span> <span class='ocrx_word' id='word_1_171' title='bbox 1144 3232 1203 3304; x_wconf 83' lang='lat' dir='ltr'>legi</span> <span class='ocrx_word' id='word_1_172' title='bbox 1226 3231 1282 3288; x_wconf 88' lang='lat' dir='ltr'>Dei</span> 
     </span>
     <span class='ocr_line' id='line_1_28' title="bbox 345 3315 1223 3389; baseline -0.009 -11"><span class='ocrx_word' id='word_1_173' title='bbox 345 3317 426 3389; x_wconf 80' lang='lat' dir='ltr'>Quae</span> <span class='ocrx_word' id='word_1_174' title='bbox 450 3320 506 3376; x_wconf 91' lang='lat' dir='ltr'>sub</span> <span class='ocrx_word' id='word_1_175' title='bbox 528 3319 591 3375; x_wconf 89' lang='lat' dir='ltr'>sole</span> <span class='ocrx_word' id='word_1_176' title='bbox 607 3320 746 3376; x_wconf 79' lang='lat' dir='ltr'>vanitatis</span> <span class='ocrx_word' id='word_1_177' title='bbox 898 3318 996 3374; x_wconf 82' lang='lat' dir='ltr'>Servit</span> <span class='ocrx_word' id='word_1_178' title='bbox 1019 3334 1085 3373; x_wconf 91' lang='lat' dir='ltr'>cum</span> <span class='ocrx_word' id='word_1_179' title='bbox 1108 3315 1223 3371; x_wconf 85' lang='lat' dir='ltr'>fiducia.</span> 
     </span>
     <span class='ocr_line' id='line_1_29' title="bbox 362 3400 1259 3474; baseline -0.004 -12"><span class='ocrx_word' id='word_1_180' title='bbox 362 3406 488 3462; x_wconf 81' lang='lat' dir='ltr'>Vanitas</span> <span class='ocrx_word' id='word_1_181' title='bbox 511 3410 580 3460; x_wconf 86' lang='lat' dir='ltr'>sunt</span> <span class='ocrx_word' id='word_1_182' title='bbox 602 3405 712 3469; x_wconf 83' lang='lat' dir='ltr'>omnia3</span> <span class='ocrx_word' id='word_1_183' title='bbox 876 3404 924 3458; x_wconf 88' lang='lat' dir='ltr'>Sic</span> <span class='ocrx_word' id='word_1_184' title='bbox 947 3403 1035 3458; x_wconf 88' lang='lat' dir='ltr'>beata</span> <span class='ocrx_word' id='word_1_185' title='bbox 1057 3400 1259 3474; x_wconf 85' lang='lat' dir='ltr'>Radegundis‚</span> 
     </span>
     <span class='ocr_line' id='line_1_30' title="bbox 262 3485 1262 3556; baseline -0.006 -10"><span class='ocrx_word' id='word_1_186' title='bbox 262 3522 264 3526; x_wconf 56' lang='lat'>&gt;</span> <span class='ocrx_word' id='word_1_187' title='bbox 343 3489 440 3546; x_wconf 83' lang='lat' dir='ltr'>Decor</span> <span class='ocrx_word' id='word_1_188' title='bbox 461 3488 571 3555; x_wconf 82' lang='lat' dir='ltr'>laudis,</span> <span class='ocrx_word' id='word_1_189' title='bbox 596 3490 674 3544; x_wconf 86' lang='lat' dir='ltr'>vitae</span> <span class='ocrx_word' id='word_1_190' title='bbox 697 3488 813 3556; x_wconf 79' lang='lat' dir='ltr'>moduS,</span> <span class='ocrx_word' id='word_1_191' title='bbox 901 3488 991 3542; x_wconf 91' lang='lat' dir='ltr'>Cuius</span> <span class='ocrx_word' id='word_1_192' title='bbox 1009 3487 1083 3541; x_wconf 85' lang='lat' dir='ltr'>haee</span> <span class='ocrx_word' id='word_1_193' title='bbox 1108 3485 1262 3547; x_wconf 85' lang='lat' dir='ltr'>sollemnia</span> 
     </span>
     <span class='ocr_line' id='line_1_31' title="bbox 362 3570 1347 3649; baseline -0.006 -18"><span class='ocrx_word' id='word_1_194' title='bbox 362 3576 456 3649; x_wconf 77' lang='lat' dir='ltr'>Legis</span> <span class='ocrx_word' id='word_1_195' title='bbox 479 3573 675 3630; x_wconf 86' lang='lat' dir='ltr'>observantia.</span> <span class='ocrx_word' id='word_1_196' title='bbox 879 3571 1087 3634; x_wconf 88' lang='lat' dir='ltr'>Celebramus,</span> <span class='ocrx_word' id='word_1_197' title='bbox 1115 3570 1215 3626; x_wconf 91' lang='lat' dir='ltr'>mundi</span> <span class='ocrx_word' id='word_1_198' title='bbox 1238 3571 1347 3626; x_wconf 77' lang='lat' dir='ltr'>fastum</span> 
     </span>
     <span class='ocr_line' id='line_1_32' title="bbox 345 3656 1191 3730; baseline -0.007 -14"><span class='ocrx_word' id='word_1_199' title='bbox 345 3658 427 3730; x_wconf 78' lang='lat' dir='ltr'>Quae</span> <span class='ocrx_word' id='word_1_200' title='bbox 458 3660 599 3716; x_wconf 85' lang='lat' dir='ltr'>virtutum</span> <span class='ocrx_word' id='word_1_201' title='bbox 629 3657 812 3714; x_wconf 84' lang='lat' dir='ltr'>diversarum</span> <span class='ocrx_word' id='word_1_202' title='bbox 897 3658 1028 3730; x_wconf 86' lang='lat' dir='ltr'>Eiusque</span> <span class='ocrx_word' id='word_1_203' title='bbox 1051 3656 1191 3729; x_wconf 82' lang='lat' dir='ltr'>contagia</span> 
     </span>
     <span class='ocr_line' id='line_1_33' title="bbox 363 3741 1295 3813; baseline -0.004 -12"><span class='ocrx_word' id='word_1_204' title='bbox 363 3743 411 3801; x_wconf 86' lang='lat' dir='ltr'>Fit</span> <span class='ocrx_word' id='word_1_205' title='bbox 434 3743 642 3800; x_wconf 83' lang='lat' dir='ltr'>munificentia.</span> <span class='ocrx_word' id='word_1_206' title='bbox 881 3741 1056 3805; x_wconf 87' lang='lat' dir='ltr'>Declinavit,</span> <span class='ocrx_word' id='word_1_207' title='bbox 1080 3746 1110 3796; x_wconf 89' lang='lat' dir='ltr'>et</span> <span class='ocrx_word' id='word_1_208' title='bbox 1131 3741 1295 3813; x_wconf 85' lang='lat' dir='ltr'>probrosae</span> 
     </span>
     <span class='ocr_line' id='line_1_34' title="bbox 344 3826 1169 3900; baseline -0.005 -16"><span class='ocrx_word' id='word_1_209' title='bbox 344 3828 420 3886; x_wconf 90' lang='lat' dir='ltr'>Nam</span> <span class='ocrx_word' id='word_1_210' title='bbox 443 3827 561 3884; x_wconf 86' lang='lat' dir='ltr'>adhoc</span> <span class='ocrx_word' id='word_1_211' title='bbox 584 3827 748 3900; x_wconf 84' lang='lat' dir='ltr'>opituletur</span> <span class='ocrx_word' id='word_1_212' title='bbox 901 3827 986 3882; x_wconf 85' lang='lat' dir='ltr'>Vitae</span> <span class='ocrx_word' id='word_1_213' title='bbox 1008 3826 1169 3881; x_wconf 89' lang='lat' dir='ltr'>lenocinia:</span> 
     </span>
     <span class='ocr_line' id='line_1_35' title="bbox 364 3911 1327 3987; baseline -0.006 -16"><span class='ocrx_word' id='word_1_214' title='bbox 364 3915 495 3987; x_wconf 81' lang='lat' dir='ltr'>Elegans</span> <span class='ocrx_word' id='word_1_215' title='bbox 518 3912 692 3986; x_wconf 84' lang='lat' dir='ltr'>prudentia:</span> <span class='ocrx_word' id='word_1_216' title='bbox 879 3911 1005 3966; x_wconf 84' lang='lat' dir='ltr'>Carnem</span> <span class='ocrx_word' id='word_1_217' title='bbox 1028 3917 1112 3966; x_wconf 88' lang='lat' dir='ltr'>&#39;suam</span> <span class='ocrx_word' id='word_1_218' title='bbox 1140 3913 1327 3985; x_wconf 78' lang='lat' dir='ltr'>crucifigens,</span> 
     </span>
     <span class='ocr_line' id='line_1_36' title="bbox 344 3995 1246 4072; baseline -0.002 -17"><span class='ocrx_word' id='word_1_219' title='bbox 344 3997 382 4056; x_wconf 85' lang='lat' dir='ltr'>Et</span> <span class='ocrx_word' id='word_1_220' title='bbox 405 3998 582 4072; x_wconf 86' lang='lat' dir='ltr'>dispensans</span> <span class='ocrx_word' id='word_1_221' title='bbox 610 3995 794 4070; x_wconf 82' lang='lat' dir='ltr'>agendorum</span> <span class='ocrx_word' id='word_1_222' title='bbox 902 3996 975 4051; x_wconf 91' lang='lat' dir='ltr'>Cum</span> <span class='ocrx_word' id='word_1_223' title='bbox 998 3996 1246 4069; x_wconf 82' lang='lat' dir='ltr'>eoncupiscentia.</span> 
     </span>
     <span class='ocr_line' id='line_1_37' title="bbox 365 4079 1314 4155; baseline -0.007 -15"><span class='ocrx_word' id='word_1_224' title='bbox 365 4084 480 4140; x_wconf 85' lang='lat' dir='ltr'>Causas</span> <span class='ocrx_word' id='word_1_225' title='bbox 503 4082 716 4155; x_wconf 86' lang='lat' dir='ltr'>temperantia:</span> <span class='ocrx_word' id='word_1_226' title='bbox 881 4079 914 4135; x_wconf 93' lang='lat' dir='ltr'>In</span> <span class='ocrx_word' id='word_1_227' title='bbox 937 4080 994 4135; x_wconf 85' lang='lat' dir='ltr'>hac</span> <span class='ocrx_word' id='word_1_228' title='bbox 1017 4081 1094 4137; x_wconf 86' lang='lat' dir='ltr'>valle</span> <span class='ocrx_word' id='word_1_229' title='bbox 1117 4081 1314 4153; x_wconf 86' lang='lat' dir='ltr'>laerymarum</span> 
     </span>
     <span class='ocr_line' id='line_1_38' title="bbox 326 4165 1224 4242; baseline -0.006 -19"><span class='ocrx_word' id='word_1_230' title='bbox 326 4166 498 4242; x_wconf 22' lang='lat' dir='ltr'>*Fortitudo</span> <span class='ocrx_word' id='word_1_231' title='bbox 522 4165 682 4223; x_wconf 87' lang='lat' dir='ltr'>resistendi</span> <span class='ocrx_word' id='word_1_232' title='bbox 798 4211 800 4215; x_wconf 93' lang='lat'>.</span> <span class='ocrx_word' id='word_1_233' title='bbox 903 4165 1018 4221; x_wconf 83' lang='lat' dir='ltr'>Cuncta</span> <span class='ocrx_word' id='word_1_234' title='bbox 1040 4167 1224 4220; x_wconf 84' lang='lat' dir='ltr'>transeuntia</span> 
     </span>
     <span class='ocr_line' id='line_1_39' title="bbox 367 4250 1223 4326; baseline -0.008 -17"><span class='ocrx_word' id='word_1_235' title='bbox 367 4254 478 4323; x_wconf 83' lang='lat' dir='ltr'>Contra</span> <span class='ocrx_word' id='word_1_236' title='bbox 500 4268 640 4326; x_wconf 88' lang='lat' dir='ltr'>quaeque</span> <span class='ocrx_word' id='word_1_237' title='bbox 662 4251 750 4315; x_wconf 57' lang='lat' dir='ltr'>vitiu</span> <span class='ocrx_word' id='word_1_238' title='bbox 880 4250 1076 4305; x_wconf 84' lang='lat' dir='ltr'>Aeternorum</span> <span class='ocrx_word' id='word_1_239' title='bbox 1100 4251 1223 4304; x_wconf 84' lang='lat' dir='ltr'>caritate</span> 
     </span>
     <span class='ocr_line' id='line_1_40' title="bbox 344 4333 1172 4411; baseline -0.007 -20"><span class='ocrx_word' id='word_1_240' title='bbox 344 4334 382 4393; x_wconf 84' lang='lat' dir='ltr'>Et</span> <span class='ocrx_word' id='word_1_241' title='bbox 405 4354 483 4411; x_wconf 86' lang='lat' dir='ltr'>quae</span> <span class='ocrx_word' id='word_1_242' title='bbox 506 4353 562 4392; x_wconf 85' lang='lat' dir='ltr'>sua</span> <span class='ocrx_word' id='word_1_243' title='bbox 582 4340 653 4391; x_wconf 88' lang='lat' dir='ltr'>sunt</span> <span class='ocrx_word' id='word_1_244' title='bbox 675 4333 819 4392; x_wconf 89' lang='lat' dir='ltr'>reddendi</span> <span class='ocrx_word' id='word_1_245' title='bbox 905 4334 1067 4406; x_wconf 86' lang='lat' dir='ltr'>Reputavit</span> <span class='ocrx_word' id='word_1_246' title='bbox 1088 4333 1172 4389; x_wconf 89' lang='lat' dir='ltr'>vilia:</span> 
     </span>
     <span class='ocr_line' id='line_1_41' title="bbox 367 4418 1351 4496; baseline -0.008 -19"><span class='ocrx_word' id='word_1_247' title='bbox 367 4421 499 4496; x_wconf 75' lang='lat' dir='ltr'>Singulis</span> <span class='ocrx_word' id='word_1_248' title='bbox 521 4422 645 4477; x_wconf 87' lang='lat' dir='ltr'>iustitia.</span> <span class='ocrx_word' id='word_1_249' title='bbox 883 4419 1005 4475; x_wconf 86' lang='lat' dir='ltr'>Habens</span> <span class='ocrx_word' id='word_1_250' title='bbox 1028 4418 1169 4492; x_wconf 79' lang='lat' dir='ltr'>gemitum</span> <span class='ocrx_word' id='word_1_251' title='bbox 1183 4433 1238 4496; x_wconf 82' lang='lat' dir='ltr'>pro</span> <span class='ocrx_word' id='word_1_252' title='bbox 1253 4419 1351 4480; x_wconf 83' lang='lat' dir='ltr'>cantu,</span> 
     </span>
    </p>
   </div>
   <div class='ocr_carea' id='block_1_9' title="bbox 0 0 1626 5134">
    <p class='ocr_par' dir='ltr' id='par_1_9' title="bbox 0 0 1626 5134">
     <span class='ocr_line' id='line_1_42' title="bbox 0 0 1626 5134; baseline 0 0"><span class='ocrx_word' id='word_1_253' title='bbox 0 0 1626 5134; x_wconf 95' lang='lat' dir='ltr'> </span> 
     </span>
    </p>
   </div>
  </div>
 </body>
</html>
