3242 5134
204 549 271 608 8.
283 547 485 618 Trcnittcrra,
507 549 602 624 pailet
619 552 752 609 coelum:
765 553 793 611 5.
804 551 974 628 Legislctor
994 553 1081 627 virga
1102 549 1210 618 caedit,

283 633 764 709 Soisnepetraemcicsumvelum:
791 637 942 694 ‘Rubrum
963 654 1043 694 mare
1066 653 1187 693 caesum
1202 634 1294 691 cedit:

282 718 404 788 Quando
414 719 549 777 Christus
563 737 635 778 suae
649 722 765 796 prelum
808 722 897 779 Plebs
920 721 1057 778 Hebraea
1078 723 1176 778 laetus
1198 718 1276 775 rudit

292 853 296 861 .
318 804 395 860 Vitis
416 821 489 864 rere
509 806 641 878 protulit
852 808 1087 880 Submergantur
1110 807 1216 862 ceteri:

280 888 387 946 Servos
409 889 490 946 hosti
510 889 574 946 Rex
595 890 720 948 ademit:
809 893 899 967 Virga
921 909 992 948 crux
1014 899 1060 947 est
1083 894 1112 947 in
1134 891 1239 963 figura,

279 973 405 1030 Mortem
417 973 512 1031 cruce
525 974 609 1032 More
623 977 763 1051 peremit:
809 976 875 1047 Qua
897 975 935 1033 de
958 979 1100 1034 servitute
1124 975 1197 1031 dura

238 1065 241 1070 '
278 1061 381 1134 Agnus
404 1077 476 1118 oves
498 1060 548 1136 qui
571 1059 697 1118 redemit
808 1062 948 1119 Liberata
966 1067 1012 1118 est
1027 1069 1143 1128 nutura,

316 1144 404 1218 Lupo
425 1143 568 1219 praedam
591 1142 720 1204 abstuht
850 1147 896 1204 Fit
918 1164 995 1204 nova
1018 1145 1054 1203 de
1077 1148 1179 1202 veteri.

167 1265 246 1322 4
259 1262 404 1337 dignum
424 1262 489 1320 Noe
511 1270 697 1322 reservatur:
768 1265 795 1323 6.
807 1265 944 1340 Regnum
967 1283 1038 1340 ergo
1062 1263 1202 1333 salutare,

279 1347 387 1406 Noster
408 1347 473 1406 Noc
495 1347 583 1406 Cruci
605 1349 708 1406 datur:
809 1350 899 1407 Plebs
921 1351 1084 1425 redempta,
1107 1368 1264 1410 venerare:

280 1431 405 1507 Lignum
426 1433 508 1508 ligno
529 1440 686 1508 reparatur
807 1436 898 1492 Cuius
922 1436 1058 1493 Christus
1081 1434 1182 1493 adstat
1203 1453 1273 1493 arae
1330 1498 1333 1503 ,

316 1516 351 1572 15
372 1534 433 1592 quc
456 1517 585 1592 Serpens
606 1522 727 1578 vicerat
850 1520 995 1593 Sacerdos
1019 1527 1049 1578 et
1070 1523 1180 1579 hostia:

279 1601 383 1670 Manus
405 1604 492 1660 mites
514 1603 585 1660 dum
613 1604 762 1680 expandit,
807 1606 914 1662 Adhuc
938 1612 1044 1680 optans
1066 1608 1210 1663 immolari

282 1683 340 1744 Rex
361 1687 512 1745 coelorum
523 1689 624 1746 coelos
646 1688 763 1762 pandit:
809 1689 848 1747 Se
870 1681 1043 1764 praesentat
1064 1693 1094 1747 in
1116 1691 1215 1747 altari:

281 1769 402 1829 Etcum
424 1771 524 1830 multia
546 1773 605 1831 illic
628 1774 744 1832 scandit
808 1774 866 1845 Qui
889 1794 942 1832 nos
966 1775 1003 1832 de
1025 1775 1181 1850 profundo„
1195 1776 1268 1831 mari

317 1855 402 1916 Unde
424 1858 507 1915 aolus
529 1865 659 1917 venerat.
851 1861 910 1917 Sua
932 1861 1028 1917 salvet
1050 1862 1154 1934 gratia.

317 1993 427 2051 Necle:
468 1995 533 2052 Cura
569 1999 719 2070 sequentia
755 1997 826 2052 hoec
861 2016 944 2070 quom
981 1999 1104 2052 naaoeime
1132 1998 1233 2053 Adomi
1262 1996 1297 2051 dc

190 2091 193 2096 ·
221 2070 344 2134 Sancto
372 2080 486 2137 Victore
506 2083 603 2155 sopio!
625 2083 778 2155 ingenium,
802 2083 920 2138 redicre
942 2083 1009 2139 licet
1022 2100 1105 2154 quam
1136 2100 1209 2155 quac
1232 2083 1296 2155 ple·

213 2172 354 2235 rumque
362 2166 492 2239 protulit
510 2167 587 2238 stylo
609 2169 789 2240 corucrhrtm
810 2185 930 2242 memque
951 2168 1121 2240 scriptorem
1135 2168 1297 2223 Armorica-

218 2254 300 2300 mmr
322 2252 353 2304 in
374 2249 490 2306 Miscuit
509 2251 696 2307 Armoricouo
717 2251 852 2324 iadoqori
882 2253 1033 2326 probabile
1059 2254 1114 2307 sit:
1150 2252 1296 2307 anthinon

212 2337 350 2392 Parum
366 2334 548 2408 persuadere
569 2337 638 2408 quia
660 2354 694 2391 rc
715 2354 783 2392 ocra
805 2337 876 2392 hoec
891 2356 983 2411 prosa
1009 2339 1109 2394 eximii
1118 2342 1231 2411 poetae,
1255 2338 1298 2391 iu-

219 2417 338 2476 venilis
357 2420 471 2492 forsan,
493 2419 547 2477 scd
565 2421 644 2478 houd
663 2422 807 2496 indicano,
830 2424 871 2477 sit
888 2423 995 2493 foetur.
1290 2443 1293 2448 ·

298 2739 370 2798 610.
396 2727 439 2810 [0
451 2728 618 2798 malem&
638 2737 764 2817 paalor
784 2732 882 2797 alme.
905 2741 949 2797 De
966 2743 994 2799 S.
1009 2742 1185 2798 Materno.
1207 2742 1296 2798 Mone

219 2802 283 2876 111,
308 2843 338 2898 p.
360 2824 422 2882 555
445 2824 508 2890 (us.
532 2844 567 2881 zn
589 2824 763 2901 555555
784 2825 838 2883 uo.
861 2825 923 2882 545
950 2827 994 2882 14.
1017 2820 1143 2895 5555)]

323 2961 349 3018 1.
372 2959 399 3016 0
420 2959 566 3028 Materne,
589 2966 694 3034 pastor
715 2962 791 3018 alme
815 2961 986 3034 Christique
1009 2961 1089 3016 clara
1110 2961 1276 3027 hierarcha,

305 3043 349 3118 ‚2
372 3043 430 3114 Qu
452 3044 658 3103 Gallicarum
679 3047 803 3120 replesti
826 3062 912 3102 sacra
934 3044 1075 3103 doctrina.
1326 3052 1329 3058 ’

307 3129 350 3188 ’8.
373 3129 448 3188 Cum
470 3132 559 3187 sociis
582 3133 685 3198 sacris,
710 3129 807 3188 enoda
828 3137 932 3187 nostra
953 3132 1059 3205 piacla.

321 3213 350 3273 Ι.
373 3210 420 3271 Τ5
442 3216 587 3290 principis
609 3215 816 3290 apostolorum
838 3222 981 3272 executus
1004 3233 1037 3271 es
1060 3219 1223 3288 praecepta

322 3298 351 3357 t.
375 3299 524 3357 Eucherio
546 3301 727 3375 Valerioque
751 3299 937 3375 subiugando
959 3302 1009 3375 pia
1031 3300 1137 3367 colia;-

322 3383 351 3443 θ.
371 3384 448 3442 Nam
484 3402 585 3444 comes
620 3387 735 3443 itineris
772 3385 900 3442 Galliam
937 3385 1079 3442 docturus
1116 3384 1299 3458 praeveniris

224 3465 332 3526 ¹morto
353 3474 416 3538 tue,

321 3554 349 3613 7.
373 3554 434 3611 Sed
456 3560 609 3631 tamquam
642 3556 770 3614 convicii
799 3555 924 3630 lugeant
952 3561 982 3612 te
1012 3555 1089 3613 sacri
1114 3572 1185 3612 vere
1206 3555 1302 3612 libera

228 3639 368 3708 8555515,

324 3743 352 3800 8.
374 3742 540 3818 Deponeris
563 3759 599 3800 ac
621 3744 757 3816 paucitas
779 3742 948 3817 hicquater
964 3740 1056 3799 denos
1078 3744 1137 3800 hen
1152 3745 1211 3800 iam
1223 3743 1301 3799 soles

232 3826 300 3882 nub¹
317 3828 450 3902 querela.

324 3928 353 3988 9.
375 3929 419 3985 En
442 3928 591 4003 repedant
627 3931 775 3997 consocii,
811 3930 895 3986 iussu
933 3931 1069 4003 magistri
1102 3934 1134 3985 te
1157 3929 1304 3984 suscitant

231 4023 313 4071 uoce
336 4014 431 4071 clara:

246 4161 248 4166 .
296 4109 299 4117 ’
328 4115 375 4176 10.
398 4092 532 4192 „Surges
541 4115 686 4186 Materne,
702 4116 803 4191 linque
819 4117 961 4183 funebria,
973 4115 1057 4171 fortis
1074 4113 1179 4171 adesto
1195 4112 1304 4169 Christi

241 4199 300 4256 iam
321 4202 455 4308 gemula,
478 4203 613 4260 victurus
636 4218 777 4259 successu
800 4200 926 4257 totidem
948 4215 1040 4256 annos
1063 4199 1198 4273 episcopi
1220 4213 1306 4253 sacra

241 4302 278 4341 cu

279 4302 406 4438 raum.
420 4386 487 4432 Thes.
501 4386 579 4440 tirum.
594 4385 617 4427 V.
1070 4375 1103 4429 20
