<?xml version="1.0" encoding="UTF-8"?>
<!DOCTYPE html PUBLIC "-//W3C//DTD XHTML 1.0 Transitional//EN"
    "http://www.w3.org/TR/xhtml1/DTD/xhtml1-transitional.dtd">
<html xmlns="http://www.w3.org/1999/xhtml" xml:lang="en" lang="en">
 <head>
  <title>
</title>
<meta http-equiv="Content-Type" content="text/html;charset=utf-8" />
  <meta name='ocr-system' content='tesseract 3.04.00' />
  <meta name='ocr-capabilities' content='ocr_page ocr_carea ocr_par ocr_line ocrx_word'/>
</head>
<body>
  <div class='ocr_page' id='page_1' title='image "./thesaurushymnol01danigoog_0278.png"; bbox 0 0 3242 5134; ppageno 0'>
   <div class='ocr_carea' id='block_1_1' title="bbox 696 500 840 582">
    <p class='ocr_par' dir='ltr' id='par_1_1' title="bbox 696 500 840 582">
     <span class='ocr_line' id='line_1_1' title="bbox 696 500 840 582; baseline 0 -10"><span class='ocrx_word' id='word_1_1' title='bbox 696 577 698 582; x_wconf 70' lang='grc'>,</span> <span class='ocrx_word' id='word_1_2' title='bbox 774 500 840 572; x_wconf 71' lang='lat'><strong>272</strong></span> 
     </span>
    </p>
   </div>
   <div class='ocr_carea' id='block_1_2' title="bbox 205 659 1337 754">
    <p class='ocr_par' dir='ltr' id='par_1_2' title="bbox 205 659 1337 754">
     <span class='ocr_line' id='line_1_2' title="bbox 205 659 1337 754; baseline -0.003 -18"><span class='ocrx_word' id='word_1_3' title='bbox 205 659 208 663; x_wconf 37' lang='grc'><strong>’</strong></span> <span class='ocrx_word' id='word_1_4' title='bbox 274 698 374 737; x_wconf 88' lang='lat' dir='ltr'><strong>carum</strong></span> <span class='ocrx_word' id='word_1_5' title='bbox 397 681 604 754; x_wconf 76' lang='lat' dir='ltr'><strong>antiquitatem</strong></span> <span class='ocrx_word' id='word_1_6' title='bbox 626 697 684 735; x_wconf 92' lang='lat' dir='ltr'><strong>uon</strong></span> <span class='ocrx_word' id='word_1_7' title='bbox 704 679 850 736; x_wconf 83' lang='lat' dir='ltr'><strong>modicam</strong></span> <span class='ocrx_word' id='word_1_8' title='bbox 872 675 1008 736; x_wconf 83' lang='lat' dir='ltr'><strong>redolet“</strong></span> <span class='ocrx_word' id='word_1_9' title='bbox 1024 707 1068 717; x_wconf 93' lang='lat'><em>-</em></span> <span class='ocrx_word' id='word_1_10' title='bbox 1081 678 1159 735; x_wconf 86' lang='lat' dir='ltr'><strong>haec</strong></span> <span class='ocrx_word' id='word_1_11' title='bbox 1182 678 1255 735; x_wconf 90' lang='lat' dir='ltr'><strong>mihi</strong></span> <span class='ocrx_word' id='word_1_12' title='bbox 1278 695 1337 734; x_wconf 89' lang='lat' dir='ltr'><strong>sae·</strong></span> 
     </span>
    </p>
   </div>
   <div class='ocr_carea' id='block_1_3' title="bbox 190 763 1337 839">
    <p class='ocr_par' dir='ltr' id='par_1_3' title="bbox 190 763 1337 839">
     <span class='ocr_line' id='line_1_3' title="bbox 190 763 1337 839; baseline -0.002 -18"><span class='ocrx_word' id='word_1_13' title='bbox 190 770 195 778; x_wconf 86' lang='lat'><em>&#39;</em></span> <span class='ocrx_word' id='word_1_14' title='bbox 275 767 373 821; x_wconf 92' lang='lat' dir='ltr'><strong>culum</strong></span> <span class='ocrx_word' id='word_1_15' title='bbox 387 765 501 821; x_wconf 90' lang='lat' dir='ltr'><strong>decimo</strong></span> <span class='ocrx_word' id='word_1_16' title='bbox 525 771 630 838; x_wconf 88' lang='lat' dir='ltr'><strong>quarto</strong></span> <span class='ocrx_word' id='word_1_17' title='bbox 655 766 791 837; x_wconf 90' lang='lat' dir='ltr'><strong>superius</strong></span> <span class='ocrx_word' id='word_1_18' title='bbox 814 765 972 839; x_wconf 82' lang='lat' dir='ltr'><strong>indigitare</strong></span> <span class='ocrx_word' id='word_1_19' title='bbox 996 767 1060 822; x_wconf 83' lang='lat' dir='ltr'><strong>visa</strong></span> <span class='ocrx_word' id='word_1_20' title='bbox 1083 768 1161 821; x_wconf 91' lang='lat' dir='ltr'><strong>sunt.</strong></span> <span class='ocrx_word' id='word_1_21' title='bbox 1190 763 1252 820; x_wconf 86' lang='lat' dir='ltr'><strong>Sed</strong></span> <span class='ocrx_word' id='word_1_22' title='bbox 1274 781 1337 837; x_wconf 91' lang='lat' dir='ltr'><strong>pro·</strong></span> 
     </span>
    </p>
   </div>
   <div class='ocr_carea' id='block_1_4' title="bbox 272 848 1340 1093">
    <p class='ocr_par' dir='ltr' id='par_1_4' title="bbox 272 848 1340 1093">
     <span class='ocr_line' id='line_1_4' title="bbox 272 848 1231 924; baseline 0 -17"><span class='ocrx_word' id='word_1_23' title='bbox 272 853 393 924; x_wconf 87' lang='lat' dir='ltr'><strong>pensior</strong></span> <span class='ocrx_word' id='word_1_24' title='bbox 415 856 462 906; x_wconf 91' lang='lat' dir='ltr'><strong>est</strong></span> <span class='ocrx_word' id='word_1_25' title='bbox 483 850 601 905; x_wconf 88' lang='lat' dir='ltr'><strong>Monius</strong></span> <span class='ocrx_word' id='word_1_26' title='bbox 624 852 653 905; x_wconf 91' lang='lat' dir='ltr'><strong>in</strong></span> <span class='ocrx_word' id='word_1_27' title='bbox 675 849 821 907; x_wconf 82' lang='lat' dir='ltr'><strong>Thesauri</strong></span> <span class='ocrx_word' id='word_1_28' title='bbox 845 851 990 906; x_wconf 87' lang='lat' dir='ltr'><strong>editorem</strong></span> <span class='ocrx_word' id='word_1_29' title='bbox 1013 848 1231 922; x_wconf 84' lang='lat' dir='ltr'><strong>castigandum.</strong></span> 
     </span>
     <span class='ocr_line' id='line_1_5' title="bbox 318 934 1340 993; baseline -0.004 -2"><span class='ocrx_word' id='word_1_30' title='bbox 318 937 320 940; x_wconf 79' lang='grc'><strong>’</strong></span> <span class='ocrx_word' id='word_1_31' title='bbox 358 936 483 991; x_wconf 82' lang='lat' dir='ltr'><strong>Carmen</strong></span> <span class='ocrx_word' id='word_1_32' title='bbox 513 936 677 990; x_wconf 88' lang='lat' dir='ltr'><strong>Marianum</strong></span> <span class='ocrx_word' id='word_1_33' title='bbox 700 934 775 993; x_wconf 85' lang='lat'>601:</span> <span class='ocrx_word' id='word_1_34' title='bbox 816 935 892 991; x_wconf 91' lang='lat' dir='ltr'><strong>Osi</strong></span> <span class='ocrx_word' id='word_1_35' title='bbox 930 938 1058 992; x_wconf 90' lang='lat' dir='ltr'><strong>scirem</strong></span> <span class='ocrx_word' id='word_1_36' title='bbox 1096 935 1340 989; x_wconf 81' lang='lat' dir='ltr'><strong>consentirem</strong></span> 
     </span>
     <span class='ocr_line' id='line_1_6' title="bbox 273 1019 1224 1093; baseline -0.002 -19"><span class='ocrx_word' id='word_1_37' title='bbox 273 1022 397 1075; x_wconf 90' lang='lat' dir='ltr'><strong>metrica</strong></span> <span class='ocrx_word' id='word_1_38' title='bbox 418 1022 533 1076; x_wconf 89' lang='lat' dir='ltr'><strong>ratione</strong></span> <span class='ocrx_word' id='word_1_39' title='bbox 555 1019 642 1076; x_wconf 88' lang='lat' dir='ltr'><strong>valde</strong></span> <span class='ocrx_word' id='word_1_40' title='bbox 667 1019 819 1093; x_wconf 82' lang='lat' dir='ltr'><strong>discrepat</strong></span> <span class='ocrx_word' id='word_1_41' title='bbox 842 1037 860 1075; x_wconf 89' lang='lat' dir='ltr'><strong>a</strong></span> <span class='ocrx_word' id='word_1_42' title='bbox 883 1039 905 1076; x_wconf 92' lang='lat' dir='ltr'><strong>s.</strong></span> <span class='ocrx_word' id='word_1_43' title='bbox 929 1020 1037 1076; x_wconf 84' lang='lat' dir='ltr'><strong>Kiliani</strong></span> <span class='ocrx_word' id='word_1_44' title='bbox 1053 1021 1224 1093; x_wconf 89' lang='lat' dir='ltr'><strong>praeconio.</strong></span> 
     </span>
    </p>
   </div>
   <div class='ocr_carea' id='block_1_5' title="bbox 704 1235 905 1242">
    <p class='ocr_par' dir='ltr' id='par_1_5' title="bbox 704 1235 905 1242">
     <span class='ocr_line' id='line_1_7' title="bbox 704 1235 905 1242; baseline 0.005 -1"><span class='ocrx_word' id='word_1_45' title='bbox 704 1235 905 1242; x_wconf 54' lang='lat' dir='ltr'><strong>——oe-</strong></span> 
     </span>
    </p>
   </div>
   <div class='ocr_carea' id='block_1_6' title="bbox 272 1380 1341 1550">
    <p class='ocr_par' dir='ltr' id='par_1_6' title="bbox 272 1380 1341 1550">
     <span class='ocr_line' id='line_1_8' title="bbox 358 1380 1341 1467; baseline -0.008 -15"><span class='ocrx_word' id='word_1_46' title='bbox 358 1394 428 1452; x_wconf 79' lang='lat'><strong>542.</strong></span> <span class='ocrx_word' id='word_1_47' title='bbox 462 1380 504 1462; x_wconf 89' lang='lat'><strong>[0</strong></span> <span class='ocrx_word' id='word_1_48' title='bbox 522 1382 674 1467; x_wconf 79' lang='lat' dir='ltr'><strong>praesul</strong></span> <span class='ocrx_word' id='word_1_49' title='bbox 693 1402 801 1449; x_wconf 86' lang='lat' dir='ltr'><strong>oeroe</strong></span> <span class='ocrx_word' id='word_1_50' title='bbox 824 1384 983 1448; x_wconf 77' lang='lat' dir='ltr'><strong>civitatis.</strong></span> <span class='ocrx_word' id='word_1_51' title='bbox 1005 1456 1009 1466; x_wconf 27' lang='lat'><strong>¹</strong></span> <span class='ocrx_word' id='word_1_52' title='bbox 1029 1393 1072 1447; x_wconf 82' lang='lat' dir='ltr'><strong>De</strong></span> <span class='ocrx_word' id='word_1_53' title='bbox 1096 1394 1124 1448; x_wconf 87' lang='lat' dir='ltr'><strong>s.</strong></span> <span class='ocrx_word' id='word_1_54' title='bbox 1149 1390 1341 1447; x_wconf 83' lang='lat' dir='ltr'><strong>Disibodo.</strong></span> 
     </span>
     <span class='ocr_line' id='line_1_9' title="bbox 272 1474 591 1550; baseline 0 -16"><span class='ocrx_word' id='word_1_55' title='bbox 272 1479 361 1535; x_wconf 75' lang='lat' dir='ltr'><strong>none</strong></span> <span class='ocrx_word' id='word_1_56' title='bbox 383 1479 434 1536; x_wconf 90' lang='lat'><strong>111.</strong></span> <span class='ocrx_word' id='word_1_57' title='bbox 456 1495 485 1550; x_wconf 82' lang='lat' dir='ltr'><strong>p.</strong></span> <span class='ocrx_word' id='word_1_58' title='bbox 509 1474 591 1543; x_wconf 73' lang='lat' dir='ltr'><strong>aaut</strong></span> 
     </span>
    </p>
   </div>
   <div class='ocr_carea' id='block_1_7' title="bbox 294 1581 1343 1669">
    <p class='ocr_par' dir='ltr' id='par_1_7' title="bbox 294 1581 1343 1669">
     <span class='ocr_line' id='line_1_10' title="bbox 294 1581 1343 1669; baseline -0.005 -14"><span class='ocrx_word' id='word_1_59' title='bbox 294 1651 298 1655; x_wconf 88' lang='lat'><strong>.</strong></span> <span class='ocrx_word' id='word_1_60' title='bbox 361 1581 579 1668; x_wconf 81' lang='lat' dir='ltr'><strong>1.0‘praesul</strong></span> <span class='ocrx_word' id='word_1_61' title='bbox 615 1612 704 1651; x_wconf 86' lang='lat' dir='ltr'><strong>verae</strong></span> <span class='ocrx_word' id='word_1_62' title='bbox 741 1596 884 1662; x_wconf 82' lang='lat' dir='ltr'><strong>civitatis,</strong></span> <span class='ocrx_word' id='word_1_63' title='bbox 923 1597 973 1669; x_wconf 89' lang='lat' dir='ltr'><strong>qui</strong></span> <span class='ocrx_word' id='word_1_64' title='bbox 1005 1596 1168 1669; x_wconf 91' lang='lat' dir='ltr'><strong>intemplo</strong></span> <span class='ocrx_word' id='word_1_65' title='bbox 1193 1595 1343 1669; x_wconf 82' lang='lat' dir='ltr'><strong>angularis</strong></span> 
     </span>
    </p>
   </div>
   <div class='ocr_carea' id='block_1_8' title="bbox 195 1679 1344 1756">
    <p class='ocr_par' dir='ltr' id='par_1_8' title="bbox 195 1679 1344 1756">
     <span class='ocr_line' id='line_1_11' title="bbox 195 1679 1344 1756; baseline -0.003 -17"><span class='ocrx_word' id='word_1_66' title='bbox 195 1731 205 1745; x_wconf 80' lang='lat'><em>,</em></span> <span class='ocrx_word' id='word_1_67' title='bbox 273 1682 380 1756; x_wconf 88' lang='lat' dir='ltr'><strong>lapidis</strong></span> <span class='ocrx_word' id='word_1_68' title='bbox 404 1679 570 1736; x_wconf 88' lang='lat' dir='ltr'><strong>ascendens</strong></span> <span class='ocrx_word' id='word_1_69' title='bbox 592 1681 621 1736; x_wconf 94' lang='lat' dir='ltr'><strong>in</strong></span> <span class='ocrx_word' id='word_1_70' title='bbox 642 1680 758 1736; x_wconf 90' lang='lat' dir='ltr'><strong>coelum</strong></span> <span class='ocrx_word' id='word_1_71' title='bbox 780 1682 810 1736; x_wconf 92' lang='lat' dir='ltr'><strong>iu</strong></span> <span class='ocrx_word' id='word_1_72' title='bbox 833 1686 913 1736; x_wconf 87' lang='lat' dir='ltr'><strong>terra</strong></span> <span class='ocrx_word' id='word_1_73' title='bbox 935 1685 1104 1753; x_wconf 87' lang='lat' dir='ltr'><strong>prostratus</strong></span> <span class='ocrx_word' id='word_1_74' title='bbox 1127 1680 1211 1737; x_wconf 89' lang='lat' dir='ltr'><strong>fuisti</strong></span> <span class='ocrx_word' id='word_1_75' title='bbox 1222 1685 1344 1753; x_wconf 89' lang='lat' dir='ltr'><strong>propter</strong></span> 
     </span>
    </p>
   </div>
   <div class='ocr_carea' id='block_1_9' title="bbox 218 1768 1345 3280">
    <p class='ocr_par' dir='ltr' id='par_1_9' title="bbox 273 1768 1340 2012">
     <span class='ocr_line' id='line_1_12' title="bbox 273 1768 368 1825; baseline 0.011 -2"><span class='ocrx_word' id='word_1_76' title='bbox 273 1768 368 1825; x_wconf 87' lang='lat' dir='ltr'><strong>deum</strong></span> 
     </span>
     <span class='ocr_line' id='line_1_13' title="bbox 275 1849 1340 1924; baseline -0.001 -18"><span class='ocrx_word' id='word_1_77' title='bbox 275 1883 278 1888; x_wconf 96' lang='lat'>-</span> <span class='ocrx_word' id='word_1_78' title='bbox 357 1855 386 1912; x_wconf 84' lang='grc'>2</span> <span class='ocrx_word' id='word_1_79' title='bbox 410 1852 455 1906; x_wconf 88' lang='lat' dir='ltr'><strong>Tu</strong></span> <span class='ocrx_word' id='word_1_80' title='bbox 477 1850 653 1924; x_wconf 83' lang='lat' dir='ltr'><strong>peregrinus</strong></span> <span class='ocrx_word' id='word_1_81' title='bbox 676 1866 693 1904; x_wconf 91' lang='lat' dir='ltr'><strong>a</strong></span> <span class='ocrx_word' id='word_1_82' title='bbox 716 1851 827 1906; x_wconf 88' lang='lat' dir='ltr'><strong>semine</strong></span> <span class='ocrx_word' id='word_1_83' title='bbox 850 1850 955 1906; x_wconf 88' lang='lat' dir='ltr'><strong>mundi</strong></span> <span class='ocrx_word' id='word_1_84' title='bbox 983 1849 1162 1907; x_wconf 82' lang='lat' dir='ltr'><strong>desiderasti</strong></span> <span class='ocrx_word' id='word_1_85' title='bbox 1185 1850 1256 1906; x_wconf 87' lang='lat' dir='ltr'><strong>exul</strong></span> <span class='ocrx_word' id='word_1_86' title='bbox 1276 1849 1340 1905; x_wconf 87' lang='lat' dir='ltr'><strong>fieri</strong></span> 
     </span>
     <span class='ocr_line' id='line_1_14' title="bbox 274 1934 691 2012; baseline -0.012 -18"><span class='ocrx_word' id='word_1_87' title='bbox 274 1943 363 2012; x_wconf 90' lang='lat' dir='ltr'><strong>propt</strong></span> <span class='ocrx_word' id='word_1_88' title='bbox 365 1956 398 1994; x_wconf 90' lang='lat' dir='ltr'><strong>er</strong></span> <span class='ocrx_word' id='word_1_89' title='bbox 420 1951 550 1991; x_wconf 87' lang='lat' dir='ltr'><strong>amorem</strong></span> <span class='ocrx_word' id='word_1_90' title='bbox 573 1934 691 1991; x_wconf 85' lang='lat' dir='ltr'><strong>Christi.</strong></span> 
     </span>
    </p>

    <p class='ocr_par' dir='ltr' id='par_1_10' title="bbox 236 1991 1343 2183">
     <span class='ocr_line' id='line_1_15' title="bbox 357 1991 1343 2093; baseline -0.007 -13"><span class='ocrx_word' id='word_1_91' title='bbox 357 2024 385 2080; x_wconf 80' lang='grc'><strong>3.</strong></span> <span class='ocrx_word' id='word_1_92' title='bbox 410 2021 542 2078; x_wconf 90' lang='lat' dir='ltr'><strong>Omons</strong></span> <span class='ocrx_word' id='word_1_93' title='bbox 566 2020 686 2075; x_wconf 88' lang='lat' dir='ltr'><strong>clausae</strong></span> <span class='ocrx_word' id='word_1_94' title='bbox 708 2020 830 2087; x_wconf 87' lang='lat' dir='ltr'><strong>mentis,</strong></span> <span class='ocrx_word' id='word_1_95' title='bbox 867 2026 899 2075; x_wconf 93' lang='lat' dir='ltr'><strong>tu</strong></span> <span class='ocrx_word' id='word_1_96' title='bbox 938 1991 1057 2075; x_wconf 86' lang='lat' dir='ltr'><strong>assidue</strong></span> <span class='ocrx_word' id='word_1_97' title='bbox 1079 2020 1216 2093; x_wconf 85' lang='lat' dir='ltr'><strong>pulcram</strong></span> <span class='ocrx_word' id='word_1_98' title='bbox 1238 2017 1343 2074; x_wconf 84' lang='lat' dir='ltr'><strong>faciem</strong></span> 
     </span>
     <span class='ocr_line' id='line_1_16' title="bbox 236 2105 802 2183; baseline -0.014 -16"><span class='ocrx_word' id='word_1_99' title='bbox 236 2121 238 2124; x_wconf 82' lang='lat'>&#39;</span> <span class='ocrx_word' id='word_1_100' title='bbox 274 2108 446 2183; x_wconf 88' lang='lat' dir='ltr'><strong>aperuisti</strong></span> <span class='ocrx_word' id='word_1_101' title='bbox 439 2125 469 2161; x_wconf 84' lang='grc' dir='ltr'><strong>ιιι</strong></span> <span class='ocrx_word' id='word_1_102' title='bbox 492 2105 615 2178; x_wconf 89' lang='lat' dir='ltr'><strong>speculo</strong></span> <span class='ocrx_word' id='word_1_103' title='bbox 639 2105 802 2162; x_wconf 91' lang='lat' dir='ltr'><strong>columbae</strong></span> 
     </span>
    </p>

    <p class='ocr_par' dir='ltr' id='par_1_11' title="bbox 274 2187 1343 2335">
     <span class='ocr_line' id='line_1_17' title="bbox 357 2187 1343 2305; baseline -0.005 -57"><span class='ocrx_word' id='word_1_104' title='bbox 357 2194 386 2250; x_wconf 73' lang='lat' dir='ltr'><strong>Is</strong></span> <span class='ocrx_word' id='word_1_105' title='bbox 408 2190 483 2246; x_wconf 84' lang='lat' dir='ltr'><strong>Tu</strong></span> <span class='ocrx_word' id='word_1_106' title='bbox 476 2208 505 2245; x_wconf 83' lang='lat' dir='ltr'><strong>in</strong></span> <span class='ocrx_word' id='word_1_107' title='bbox 527 2190 674 2245; x_wconf 87' lang='lat' dir='ltr'><strong>absconso</strong></span> <span class='ocrx_word' id='word_1_108' title='bbox 696 2190 810 2245; x_wconf 88' lang='lat' dir='ltr'><strong>latuisti</strong></span> <span class='ocrx_word' id='word_1_109' title='bbox 833 2189 994 2245; x_wconf 91' lang='lat' dir='ltr'><strong>inebriatus</strong></span> <span class='ocrx_word' id='word_1_110' title='bbox 1025 2187 1116 2245; x_wconf 87' lang='lat' dir='ltr'><strong>odore</strong></span> <span class='ocrx_word' id='word_1_111' title='bbox 1138 2190 1260 2256; x_wconf 88' lang='lat' dir='ltr'><strong>florum,</strong></span> <span class='ocrx_word' id='word_1_112' title='bbox 1291 2204 1343 2305; x_wconf 87' lang='lat' dir='ltr'><strong>per</strong></span> 
     </span>
     <span class='ocr_line' id='line_1_18' title="bbox 274 2273 857 2335; baseline -0.01 0"><span class='ocrx_word' id='word_1_113' title='bbox 274 2279 424 2335; x_wconf 89' lang='lat' dir='ltr'><strong>cancellos</strong></span> <span class='ocrx_word' id='word_1_114' title='bbox 447 2281 616 2330; x_wconf 88' lang='lat' dir='ltr'><strong>sanctorum</strong></span> <span class='ocrx_word' id='word_1_115' title='bbox 640 2276 768 2331; x_wconf 85' lang='lat' dir='ltr'><strong>emicans</strong></span> <span class='ocrx_word' id='word_1_116' title='bbox 793 2273 857 2330; x_wconf 90' lang='lat' dir='ltr'><strong>deo</strong></span> 
     </span>
    </p>

    <p class='ocr_par' dir='ltr' id='par_1_12' title="bbox 218 2358 1344 2605">
     <span class='ocr_line' id='line_1_19' title="bbox 359 2358 1344 2432; baseline -0.007 -13"><span class='ocrx_word' id='word_1_117' title='bbox 359 2363 387 2419; x_wconf 94' lang='grc'><strong>5.</strong></span> <span class='ocrx_word' id='word_1_118' title='bbox 413 2361 437 2415; x_wconf 93' lang='lat'>0</span> <span class='ocrx_word' id='word_1_119' title='bbox 462 2361 607 2415; x_wconf 92' lang='lat' dir='ltr'><strong>culmen</strong></span> <span class='ocrx_word' id='word_1_120' title='bbox 600 2378 628 2414; x_wconf 89' lang='grc' dir='ltr'><strong>ιιι</strong></span> <span class='ocrx_word' id='word_1_121' title='bbox 652 2360 784 2415; x_wconf 87' lang='lat' dir='ltr'><strong>clavibus</strong></span> <span class='ocrx_word' id='word_1_122' title='bbox 802 2360 886 2426; x_wconf 91' lang='lat' dir='ltr'><strong>coeli,</strong></span> <span class='ocrx_word' id='word_1_123' title='bbox 911 2358 991 2432; x_wconf 90' lang='lat' dir='ltr'><strong>quod</strong></span> <span class='ocrx_word' id='word_1_124' title='bbox 1007 2363 1132 2432; x_wconf 86' lang='lat' dir='ltr'><strong>propter</strong></span> <span class='ocrx_word' id='word_1_125' title='bbox 1153 2359 1344 2432; x_wconf 86' lang='lat' dir='ltr'><strong>perspicuam</strong></span> 
     </span>
     <span class='ocr_line' id='line_1_20' title="bbox 266 2441 1341 2513; baseline -0.007 -6"><span class='ocrx_word' id='word_1_126' title='bbox 266 2446 317 2507; x_wconf 56' lang='lat' dir='ltr'><strong>&#39;vit</strong></span> <span class='ocrx_word' id='word_1_127' title='bbox 305 2454 365 2504; x_wconf 89' lang='lat' dir='ltr'><strong>tam</strong></span> <span class='ocrx_word' id='word_1_128' title='bbox 387 2443 528 2500; x_wconf 90' lang='lat' dir='ltr'><strong>mundum</strong></span> <span class='ocrx_word' id='word_1_129' title='bbox 563 2441 739 2511; x_wconf 87' lang='lat' dir='ltr'><strong>vendidisti,</strong></span> <span class='ocrx_word' id='word_1_130' title='bbox 775 2444 833 2499; x_wconf 91' lang='lat' dir='ltr'><strong>hoc</strong></span> <span class='ocrx_word' id='word_1_131' title='bbox 863 2450 927 2500; x_wconf 89' lang='lat' dir='ltr'><strong>cer</strong></span> <span class='ocrx_word' id='word_1_132' title='bbox 928 2461 1026 2513; x_wconf 92' lang='lat' dir='ltr'><strong>amen</strong></span> <span class='ocrx_word' id='word_1_133' title='bbox 1064 2444 1140 2500; x_wconf 89' lang='lat' dir='ltr'><strong>alme</strong></span> <span class='ocrx_word' id='word_1_134' title='bbox 1179 2444 1341 2510; x_wconf 82' lang='lat' dir='ltr'><strong>confessor,</strong></span> 
     </span>
     <span class='ocr_line' id='line_1_21' title="bbox 218 2520 747 2605; baseline -0.012 -16"><span class='ocrx_word' id='word_1_135' title='bbox 218 2588 224 2602; x_wconf 67' lang='grc'>,</span> <span class='ocrx_word' id='word_1_136' title='bbox 276 2549 394 2605; x_wconf 90' lang='lat' dir='ltr'><strong>semper</strong></span> <span class='ocrx_word' id='word_1_137' title='bbox 415 2529 538 2584; x_wconf 88' lang='lat' dir='ltr'><strong>habes&#39;</strong></span> <span class='ocrx_word' id='word_1_138' title='bbox 532 2546 561 2583; x_wconf 86' lang='grc' dir='ltr'><strong>ιιι</strong></span> <span class='ocrx_word' id='word_1_139' title='bbox 584 2520 747 2583; x_wconf 92' lang='lat' dir='ltr'><strong>domino</strong></span> 
     </span>
    </p>

    <p class='ocr_par' dir='ltr' id='par_1_13' title="bbox 276 2585 1345 2772">
     <span class='ocr_line' id='line_1_22' title="bbox 361 2585 1345 2693; baseline 0 -24"><span class='ocrx_word' id='word_1_140' title='bbox 361 2617 388 2674; x_wconf 80' lang='lat'><strong>6.</strong></span> <span class='ocrx_word' id='word_1_141' title='bbox 412 2614 446 2669; x_wconf 93' lang='lat' dir='ltr'><strong>In</strong></span> <span class='ocrx_word' id='word_1_142' title='bbox 468 2620 519 2668; x_wconf 88' lang='lat' dir='ltr'><strong>tua</strong></span> <span class='ocrx_word' id='word_1_143' title='bbox 542 2613 618 2669; x_wconf 92' lang='lat' dir='ltr'><strong>enim</strong></span> <span class='ocrx_word' id='word_1_144' title='bbox 640 2620 739 2670; x_wconf 89' lang='lat' dir='ltr'><strong>mente</strong></span> <span class='ocrx_word' id='word_1_145' title='bbox 761 2614 828 2693; x_wconf 81' lang='lat' dir='ltr'><strong>fons</strong></span> <span class='ocrx_word' id='word_1_146' title='bbox 858 2615 943 2671; x_wconf 84' lang='lat' dir='ltr'><strong>vivus</strong></span> <span class='ocrx_word' id='word_1_147' title='bbox 974 2585 1138 2670; x_wconf 89' lang='lat' dir='ltr'><strong>clarissima</strong></span> <span class='ocrx_word' id='word_1_148' title='bbox 1159 2613 1229 2669; x_wconf 92' lang='lat' dir='ltr'><strong>luce</strong></span> <span class='ocrx_word' id='word_1_149' title='bbox 1252 2614 1345 2686; x_wconf 87' lang='lat' dir='ltr'><strong>puris·</strong></span> 
     </span>
     <span class='ocr_line' id='line_1_23' title="bbox 276 2698 933 2796; baseline -0.008 -37"><span class='ocrx_word' id='word_1_150' title='bbox 276 2705 366 2760; x_wconf 89' lang='lat' dir='ltr'><strong>simos</strong></span> <span class='ocrx_word' id='word_1_151' title='bbox 388 2699 499 2756; x_wconf 84' lang='lat' dir='ltr'><strong>rivulos</strong></span> <span class='ocrx_word' id='word_1_152' title='bbox 523 2698 623 2753; x_wconf 86' lang='lat' dir='ltr'><strong>eduxit</strong></span> <span class='ocrx_word' id='word_1_153' title='bbox 611 2704 698 2796; x_wconf 81' lang='lat' dir='ltr'><strong>tper</strong></span> <span class='ocrx_word' id='word_1_154' title='bbox 720 2700 797 2755; x_wconf 86' lang='lat' dir='ltr'><strong>viam</strong></span> <span class='ocrx_word' id='word_1_155' title='bbox 821 2699 933 2755; x_wconf 88' lang='lat' dir='ltr'><strong>salutis.</strong></span> 
     </span>
    </p>

    <p class='ocr_par' dir='ltr' id='par_1_14' title="bbox 277 2782 1343 2941">
     <span class='ocr_line' id='line_1_24' title="bbox 359 2782 1343 2872; baseline -0.005 -30"><span class='ocrx_word' id='word_1_156' title='bbox 359 2786 387 2844; x_wconf 90' lang='lat'><strong>7.</strong></span> <span class='ocrx_word' id='word_1_157' title='bbox 410 2784 455 2838; x_wconf 86' lang='lat' dir='ltr'><strong>Tu</strong></span> <span class='ocrx_word' id='word_1_158' title='bbox 478 2800 585 2856; x_wconf 87' lang='lat' dir='ltr'><strong>magna</strong></span> <span class='ocrx_word' id='word_1_159' title='bbox 607 2786 697 2838; x_wconf 90' lang='lat' dir='ltr'><strong>turris</strong></span> <span class='ocrx_word' id='word_1_160' title='bbox 720 2788 789 2839; x_wconf 92' lang='lat' dir='ltr'><strong>ante</strong></span> <span class='ocrx_word' id='word_1_161' title='bbox 760 2783 855 2838; x_wconf 89' lang='lat' dir='ltr'><strong>ttal</strong></span> <span class='ocrx_word' id='word_1_162' title='bbox 843 2789 906 2840; x_wconf 86' lang='lat' dir='ltr'><strong>are</strong></span> <span class='ocrx_word' id='word_1_163' title='bbox 920 2801 1025 2838; x_wconf 85' lang='lat' dir='ltr'><strong>summi</strong></span> <span class='ocrx_word' id='word_1_164' title='bbox 1017 2782 1086 2838; x_wconf 87' lang='lat' dir='ltr'><strong>der</strong></span> <span class='ocrx_word' id='word_1_165' title='bbox 1102 2788 1133 2839; x_wconf 92' lang='lat' dir='ltr'><strong>et</strong></span> <span class='ocrx_word' id='word_1_166' title='bbox 1149 2783 1239 2872; x_wconf 87' lang='lat' dir='ltr'><strong>huius</strong></span> <span class='ocrx_word' id='word_1_167' title='bbox 1255 2783 1343 2839; x_wconf 85' lang='lat' dir='ltr'><strong>turris</strong></span> 
     </span>
     <span class='ocr_line' id='line_1_25' title="bbox 277 2867 1002 2941; baseline -0.008 -13"><span class='ocrx_word' id='word_1_168' title='bbox 277 2872 392 2929; x_wconf 90' lang='lat' dir='ltr'><strong>culmen</strong></span> <span class='ocrx_word' id='word_1_169' title='bbox 415 2867 597 2924; x_wconf 88' lang='lat' dir='ltr'><strong>obumbrasti</strong></span> <span class='ocrx_word' id='word_1_170' title='bbox 619 2886 673 2941; x_wconf 91' lang='lat' dir='ltr'><strong>per</strong></span> <span class='ocrx_word' id='word_1_171' title='bbox 695 2869 807 2934; x_wconf 76' lang='lat' dir='ltr'><strong>fumum</strong></span> <span class='ocrx_word' id='word_1_172' title='bbox 830 2867 1002 2924; x_wconf 86' lang='lat' dir='ltr'><strong>aromatum</strong></span> 
     </span>
    </p>

    <p class='ocr_par' dir='ltr' id='par_1_15' title="bbox 276 2951 1344 3184">
     <span class='ocr_line' id='line_1_26' title="bbox 362 2951 1343 3050; baseline -0.006 -37"><span class='ocrx_word' id='word_1_173' title='bbox 362 2957 389 3013; x_wconf 89' lang='lat'>8</span> <span class='ocrx_word' id='word_1_174' title='bbox 413 2952 618 3020; x_wconf 88' lang='lat' dir='ltr'><strong>ODisibode,</strong></span> <span class='ocrx_word' id='word_1_175' title='bbox 655 2955 684 3009; x_wconf 94' lang='lat' dir='ltr'><strong>in</strong></span> <span class='ocrx_word' id='word_1_176' title='bbox 721 2959 772 3009; x_wconf 92' lang='lat' dir='ltr'><strong>tuo</strong></span> <span class='ocrx_word' id='word_1_177' title='bbox 800 2954 909 3009; x_wconf 91' lang='lat' dir='ltr'><strong>lumine</strong></span> <span class='ocrx_word' id='word_1_178' title='bbox 935 2970 991 3050; x_wconf 90' lang='lat' dir='ltr'><strong>per</strong></span> <span class='ocrx_word' id='word_1_179' title='bbox 1019 2953 1154 3025; x_wconf 83' lang='lat' dir='ltr'><strong>exempla</strong></span> <span class='ocrx_word' id='word_1_180' title='bbox 1180 2954 1249 3025; x_wconf 91' lang='lat' dir='ltr'><strong>puri</strong></span> <span class='ocrx_word' id='word_1_181' title='bbox 1281 2951 1343 3007; x_wconf 89' lang='lat' dir='ltr'><strong>soni</strong></span> 
     </span>
     <span class='ocr_line' id='line_1_27' title="bbox 276 3037 1344 3111; baseline -0.006 -12"><span class='ocrx_word' id='word_1_182' title='bbox 276 3041 408 3099; x_wconf 91' lang='lat' dir='ltr'><strong>membra</strong></span> <span class='ocrx_word' id='word_1_183' title='bbox 438 3038 578 3094; x_wconf 89' lang='lat' dir='ltr'><strong>mirificae</strong></span> <span class='ocrx_word' id='word_1_184' title='bbox 607 3037 704 3094; x_wconf 86' lang='lat' dir='ltr'><strong>laudis</strong></span> <span class='ocrx_word' id='word_1_185' title='bbox 740 3038 940 3095; x_wconf 89' lang='lat' dir='ltr'><strong>aedificasti</strong></span> <span class='ocrx_word' id='word_1_186' title='bbox 933 3057 962 3093; x_wconf 89' lang='grc' dir='ltr'><strong>ιιι</strong></span> <span class='ocrx_word' id='word_1_187' title='bbox 992 3037 1108 3093; x_wconf 90' lang='lat' dir='ltr'><strong>duabus</strong></span> <span class='ocrx_word' id='word_1_188' title='bbox 1130 3043 1199 3111; x_wconf 92' lang='lat' dir='ltr'><strong>part</strong></span> <span class='ocrx_word' id='word_1_189' title='bbox 1187 3037 1268 3093; x_wconf 90' lang='lat' dir='ltr'><strong>tibus</strong></span> <span class='ocrx_word' id='word_1_190' title='bbox 1290 3053 1344 3110; x_wconf 85' lang='lat' dir='ltr'><strong>per</strong></span> 
     </span>
     <span class='ocr_line' id='line_1_28' title="bbox 278 3124 527 3184; baseline -0.025 0"><span class='ocrx_word' id='word_1_191' title='bbox 278 3129 370 3184; x_wconf 86' lang='lat' dir='ltr'><strong>filium</strong></span> <span class='ocrx_word' id='word_1_192' title='bbox 392 3124 527 3180; x_wconf 90' lang='lat' dir='ltr'><strong>hominis</strong></span> 
     </span>
    </p>

    <p class='ocr_par' dir='ltr' id='par_1_16' title="bbox 360 3205 1344 3280">
     <span class='ocr_line' id='line_1_29' title="bbox 360 3205 1344 3280; baseline -0.007 -11"><span class='ocrx_word' id='word_1_193' title='bbox 360 3211 388 3269; x_wconf 88' lang='grc'><strong>9</strong></span> <span class='ocrx_word' id='word_1_194' title='bbox 411 3209 445 3264; x_wconf 85' lang='grc' dir='ltr'>Ιιι</span> <span class='ocrx_word' id='word_1_195' title='bbox 468 3209 581 3263; x_wconf 89' lang='lat' dir='ltr'><strong>altost</strong></span> <span class='ocrx_word' id='word_1_196' title='bbox 569 3213 615 3262; x_wconf 84' lang='lat' dir='ltr'><strong>tas</strong></span> <span class='ocrx_word' id='word_1_197' title='bbox 639 3226 697 3263; x_wconf 95' lang='lat' dir='ltr'><strong>non</strong></span> <span class='ocrx_word' id='word_1_198' title='bbox 721 3205 900 3263; x_wconf 90' lang='lat' dir='ltr'><strong>erubescens</strong></span> <span class='ocrx_word' id='word_1_199' title='bbox 918 3212 986 3264; x_wconf 85' lang='lat' dir='ltr'><strong>ante</strong></span> <span class='ocrx_word' id='word_1_200' title='bbox 999 3205 1086 3263; x_wconf 91' lang='lat' dir='ltr'><strong>deum</strong></span> <span class='ocrx_word' id='word_1_201' title='bbox 1101 3208 1200 3264; x_wconf 77' lang='lat' dir='ltr'><strong>viuum</strong></span> <span class='ocrx_word' id='word_1_202' title='bbox 1225 3212 1256 3263; x_wconf 90' lang='lat' dir='ltr'><strong>et</strong></span> <span class='ocrx_word' id='word_1_203' title='bbox 1277 3223 1344 3280; x_wconf 91' lang='lat' dir='ltr'><strong>pro·</strong></span> 
     </span>
    </p>
   </div>
   <div class='ocr_carea' id='block_1_10' title="bbox 182 3291 1153 3373">
    <p class='ocr_par' dir='ltr' id='par_1_17' title="bbox 182 3291 1153 3373">
     <span class='ocr_line' id='line_1_30' title="bbox 182 3291 1153 3373; baseline -0.014 -17"><span class='ocrx_word' id='word_1_204' title='bbox 182 3307 189 3324; x_wconf 79' lang='grc'><strong>“</strong></span> <span class='ocrx_word' id='word_1_205' title='bbox 275 3298 353 3373; x_wconf 83' lang='lat' dir='ltr'><strong>tegis</strong></span> <span class='ocrx_word' id='word_1_206' title='bbox 375 3293 461 3351; x_wconf 80' lang='lat' dir='ltr'><strong>uiridi</strong></span> <span class='ocrx_word' id='word_1_207' title='bbox 483 3309 550 3348; x_wconf 90' lang='lat' dir='ltr'><strong>rore</strong></span> <span class='ocrx_word' id='word_1_208' title='bbox 572 3291 729 3348; x_wconf 89' lang='lat' dir='ltr'><strong>laudantes</strong></span> <span class='ocrx_word' id='word_1_209' title='bbox 754 3291 841 3348; x_wconf 91' lang='lat' dir='ltr'><strong>deum</strong></span> <span class='ocrx_word' id='word_1_210' title='bbox 862 3294 921 3348; x_wconf 91' lang='lat' dir='ltr'><strong>ista</strong></span> <span class='ocrx_word' id='word_1_211' title='bbox 943 3309 1061 3349; x_wconf 85' lang='lat' dir='ltr'><strong>voce·</strong></span> <span class='ocrx_word' id='word_1_212' title='bbox 1150 3335 1153 3342; x_wconf 82' lang='grc'>.</span> 
     </span>
    </p>
   </div>
   <div class='ocr_carea' id='block_1_11' title="bbox 363 3376 1344 3451">
    <p class='ocr_par' dir='ltr' id='par_1_18' title="bbox 363 3376 1344 3451">
     <span class='ocr_line' id='line_1_31' title="bbox 363 3376 1344 3451; baseline -0.008 -13"><span class='ocrx_word' id='word_1_213' title='bbox 363 3380 409 3438; x_wconf 91' lang='grc'><strong>10.</strong></span> <span class='ocrx_word' id='word_1_214' title='bbox 434 3377 458 3433; x_wconf 96' lang='lat'>0</span> <span class='ocrx_word' id='word_1_215' title='bbox 482 3376 577 3432; x_wconf 93' lang='lat' dir='ltr'><strong>dulcis</strong></span> <span class='ocrx_word' id='word_1_216' title='bbox 600 3378 660 3433; x_wconf 92' lang='lat' dir='ltr'><strong>vita</strong></span> <span class='ocrx_word' id='word_1_217' title='bbox 683 3381 713 3434; x_wconf 89' lang='lat' dir='ltr'><strong>et</strong></span> <span class='ocrx_word' id='word_1_218' title='bbox 736 3396 752 3432; x_wconf 97' lang='lat' dir='ltr'><strong>o</strong></span> <span class='ocrx_word' id='word_1_219' title='bbox 774 3377 864 3433; x_wconf 88' lang='lat' dir='ltr'><strong>beata</strong></span> <span class='ocrx_word' id='word_1_220' title='bbox 886 3379 1119 3451; x_wconf 88' lang='lat' dir='ltr'><strong>perseverentia,</strong></span> <span class='ocrx_word' id='word_1_221' title='bbox 1138 3394 1222 3451; x_wconf 80' lang='lat' dir='ltr'><strong>quae</strong></span> <span class='ocrx_word' id='word_1_222' title='bbox 1237 3378 1266 3432; x_wconf 92' lang='lat' dir='ltr'><strong>in</strong></span> <span class='ocrx_word' id='word_1_223' title='bbox 1289 3376 1344 3431; x_wconf 90' lang='lat' dir='ltr'><strong>hoc</strong></span> 
     </span>
    </p>
   </div>
   <div class='ocr_carea' id='block_1_12' title="bbox 275 3460 1344 3947">
    <p class='ocr_par' dir='ltr' id='par_1_19' title="bbox 276 3460 1344 3608">
     <span class='ocr_line' id='line_1_32' title="bbox 276 3460 1344 3536; baseline -0.006 -14"><span class='ocrx_word' id='word_1_224' title='bbox 276 3468 364 3522; x_wconf 91' lang='lat' dir='ltr'><strong>beato</strong></span> <span class='ocrx_word' id='word_1_225' title='bbox 387 3460 528 3519; x_wconf 89' lang='lat' dir='ltr'><strong>Disibodo</strong></span> <span class='ocrx_word' id='word_1_226' title='bbox 565 3462 727 3536; x_wconf 83' lang='lat' dir='ltr'><strong>gloriosum</strong></span> <span class='ocrx_word' id='word_1_227' title='bbox 763 3464 862 3518; x_wconf 93' lang='lat' dir='ltr'><strong>lumen</strong></span> <span class='ocrx_word' id='word_1_228' title='bbox 887 3461 1203 3536; x_wconf 82' lang='lat' dir='ltr'><strong>&#39;semperaedificasti</strong></span> <span class='ocrx_word' id='word_1_229' title='bbox 1226 3464 1256 3518; x_wconf 92' lang='lat' dir='ltr'><strong>in</strong></span> <span class='ocrx_word' id='word_1_230' title='bbox 1280 3477 1344 3518; x_wconf 86' lang='lat' dir='ltr'><strong>coc·</strong></span> 
     </span>
     <span class='ocr_line' id='line_1_33' title="bbox 276 3548 830 3608; baseline -0.016 0"><span class='ocrx_word' id='word_1_231' title='bbox 276 3553 345 3608; x_wconf 91' lang='lat' dir='ltr'><strong>lesti</strong></span> <span class='ocrx_word' id='word_1_232' title='bbox 367 3548 543 3605; x_wconf 85' lang='lat' dir='ltr'><strong>Jerusalem.¹</strong></span> <span class='ocrx_word' id='word_1_233' title='bbox 829 3570 830 3573; x_wconf 38' lang='lat'>¹</span> 
     </span>
    </p>

    <p class='ocr_par' dir='ltr' id='par_1_20' title="bbox 276 3631 1343 3791">
     <span class='ocr_line' id='line_1_34' title="bbox 366 3631 1343 3705; baseline -0.005 -13"><span class='ocrx_word' id='word_1_234' title='bbox 366 3636 414 3692; x_wconf 89' lang='lat' dir='ltr'><strong>ll.</strong></span> <span class='ocrx_word' id='word_1_235' title='bbox 437 3633 522 3688; x_wconf 90' lang='lat' dir='ltr'><strong>Nunc</strong></span> <span class='ocrx_word' id='word_1_236' title='bbox 546 3632 671 3687; x_wconf 85' lang='lat' dir='ltr'><strong>sitlans</strong></span> <span class='ocrx_word' id='word_1_237' title='bbox 695 3631 751 3688; x_wconf 92' lang='lat' dir='ltr'><strong>deo</strong></span> <span class='ocrx_word' id='word_1_238' title='bbox 787 3632 818 3687; x_wconf 92' lang='lat' dir='ltr'><strong>in</strong></span> <span class='ocrx_word' id='word_1_239' title='bbox 847 3632 941 3687; x_wconf 87' lang='lat' dir='ltr'><strong>forma</strong></span> <span class='ocrx_word' id='word_1_240' title='bbox 961 3633 1089 3705; x_wconf 80' lang='lat' dir='ltr'><strong>&#39;pulcrae</strong></span> <span class='ocrx_word' id='word_1_241' title='bbox 1112 3638 1256 3689; x_wconf 88' lang='lat' dir='ltr'><strong>tonsurae</strong></span> <span class='ocrx_word' id='word_1_242' title='bbox 1278 3632 1343 3689; x_wconf 82' lang='lat' dir='ltr'><strong>viri·</strong></span> 
     </span>
     <span class='ocr_line' id='line_1_35' title="bbox 276 3721 527 3791; baseline -0.024 -14"><span class='ocrx_word' id='word_1_243' title='bbox 276 3721 346 3777; x_wconf 90' lang='lat' dir='ltr'><strong>liter</strong></span> <span class='ocrx_word' id='word_1_244' title='bbox 371 3723 527 3791; x_wconf 73' lang='lat' dir='ltr'><strong>operante</strong></span> 
     </span>
    </p>

    <p class='ocr_par' dir='ltr' id='par_1_21' title="bbox 275 3800 1343 3947">
     <span class='ocr_line' id='line_1_36' title="bbox 366 3800 1343 3877; baseline -0.005 -15"><span class='ocrx_word' id='word_1_245' title='bbox 366 3805 412 3862; x_wconf 82' lang='lat'><strong>12.</strong></span> <span class='ocrx_word' id='word_1_246' title='bbox 435 3804 472 3859; x_wconf 86' lang='lat' dir='ltr'><strong>Et</strong></span> <span class='ocrx_word' id='word_1_247' title='bbox 495 3803 615 3875; x_wconf 89' lang='lat' dir='ltr'><strong>superni</strong></span> <span class='ocrx_word' id='word_1_248' title='bbox 631 3802 711 3861; x_wconf 81' lang='lat' dir='ltr'><strong>cives</strong></span> <span class='ocrx_word' id='word_1_249' title='bbox 727 3802 878 3877; x_wconf 81' lang='lat' dir='ltr'><strong>gaudeant</strong></span> <span class='ocrx_word' id='word_1_250' title='bbox 894 3803 931 3859; x_wconf 90' lang='lat' dir='ltr'><strong>dc</strong></span> <span class='ocrx_word' id='word_1_251' title='bbox 946 3803 1002 3870; x_wconf 92' lang='lat' dir='ltr'><strong>his,</strong></span> <span class='ocrx_word' id='word_1_252' title='bbox 1027 3805 1077 3877; x_wconf 88' lang='lat' dir='ltr'><strong>qui</strong></span> <span class='ocrx_word' id='word_1_253' title='bbox 1100 3820 1154 3859; x_wconf 91' lang='lat' dir='ltr'><strong>eos</strong></span> <span class='ocrx_word' id='word_1_254' title='bbox 1176 3803 1236 3859; x_wconf 92' lang='lat' dir='ltr'><strong>hoc</strong></span> <span class='ocrx_word' id='word_1_255' title='bbox 1258 3800 1343 3859; x_wconf 92' lang='lat' dir='ltr'><strong>modo</strong></span> 
     </span>
     <span class='ocr_line' id='line_1_37' title="bbox 275 3892 435 3947; baseline -0.031 0"><span class='ocrx_word' id='word_1_256' title='bbox 275 3892 435 3947; x_wconf 89' lang='lat' dir='ltr'><strong>imitantur.</strong></span> 
     </span>
    </p>
   </div>
   <div class='ocr_carea' id='block_1_13' title="bbox 229 4008 1345 4263">
    <p class='ocr_par' dir='ltr' id='par_1_22' title="bbox 229 4008 1345 4263">
     <span class='ocr_line' id='line_1_38' title="bbox 290 4008 1344 4075; baseline -0.002 -11"><span class='ocrx_word' id='word_1_257' title='bbox 290 4038 293 4048; x_wconf 51' lang='grc' dir='ltr'>ι</span> <span class='ocrx_word' id='word_1_258' title='bbox 362 4010 451 4064; x_wconf 89' lang='lat' dir='ltr'><strong>Mone</strong></span> <span class='ocrx_word' id='word_1_259' title='bbox 474 4009 491 4065; x_wconf 90' lang='lat' dir='ltr'><strong>l.</strong></span> <span class='ocrx_word' id='word_1_260' title='bbox 515 4010 630 4073; x_wconf 18' lang='lat' dir='ltr'><strong>c.:⁴Hs.</strong></span> <span class='ocrx_word' id='word_1_261' title='bbox 652 4026 687 4064; x_wconf 82' lang='lat' dir='ltr'><strong>za</strong></span> <span class='ocrx_word' id='word_1_262' title='bbox 717 4008 897 4075; x_wconf 80' lang='lat' dir='ltr'><strong>Wiesboden‚</strong></span> <span class='ocrx_word' id='word_1_263' title='bbox 932 4008 978 4063; x_wconf 79' lang='lat'><strong>12.</strong></span> <span class='ocrx_word' id='word_1_264' title='bbox 1002 4008 1100 4064; x_wconf 71' lang='lat' dir='ltr'><strong>Jahrb.</strong></span> <span class='ocrx_word' id='word_1_265' title='bbox 1139 4010 1192 4064; x_wconf 83' lang='lat' dir='ltr'><strong>mit</strong></span> <span class='ocrx_word' id='word_1_266' title='bbox 1213 4009 1266 4064; x_wconf 84' lang='lat' dir='ltr'><strong>der</strong></span> <span class='ocrx_word' id='word_1_267' title='bbox 1287 4008 1344 4063; x_wconf 82' lang='lat' dir='ltr'><strong>Me-</strong></span> 
     </span>
     <span class='ocr_line' id='line_1_39' title="bbox 280 4093 1345 4167; baseline -0.006 -14"><span class='ocrx_word' id='word_1_268' title='bbox 280 4095 362 4154; x_wconf 83' lang='lat' dir='ltr'><strong>lodie.</strong></span> <span class='ocrx_word' id='word_1_269' title='bbox 408 4094 492 4150; x_wconf 69' lang='lat' dir='ltr'><strong>stelit</strong></span> <span class='ocrx_word' id='word_1_270' title='bbox 512 4113 556 4149; x_wconf 82' lang='lat' dir='ltr'><strong>um</strong></span> <span class='ocrx_word' id='word_1_271' title='bbox 573 4095 709 4150; x_wconf 78' lang='lat' dir='ltr'><strong>Scblasse</strong></span> <span class='ocrx_word' id='word_1_272' title='bbox 731 4094 783 4149; x_wconf 83' lang='lat' dir='ltr'><strong>der</strong></span> <span class='ocrx_word' id='word_1_273' title='bbox 811 4094 916 4149; x_wconf 81' lang='lat' dir='ltr'><strong>Werlce</strong></span> <span class='ocrx_word' id='word_1_274' title='bbox 938 4094 990 4148; x_wconf 84' lang='lat' dir='ltr'><strong>der</strong></span> <span class='ocrx_word' id='word_1_275' title='bbox 1012 4094 1037 4149; x_wconf 77' lang='grc'><strong>5.</strong></span> <span class='ocrx_word' id='word_1_276' title='bbox 1052 4093 1208 4167; x_wconf 76' lang='lat' dir='ltr'><strong>Hildepart</strong></span> <span class='ocrx_word' id='word_1_277' title='bbox 1225 4093 1289 4149; x_wconf 80' lang='lat' dir='ltr'><strong>aad</strong></span> <span class='ocrx_word' id='word_1_278' title='bbox 1308 4096 1345 4148; x_wconf 77' lang='lat' dir='ltr'><strong>itt</strong></span> 
     </span>
     <span class='ocr_line' id='line_1_40' title="bbox 229 4180 815 4263; baseline -0.012 -23"><span class='ocrx_word' id='word_1_279' title='bbox 229 4258 232 4263; x_wconf 93' lang='lat'><strong>.</strong></span> <span class='ocrx_word' id='word_1_280' title='bbox 278 4180 513 4240; x_wconf 66' lang='lat' dir='ltr'><strong>carrionenses</strong></span> <span class='ocrx_word' id='word_1_281' title='bbox 536 4198 589 4236; x_wconf 75' lang='lat' dir='ltr'><strong>vota</strong></span> <span class='ocrx_word' id='word_1_282' title='bbox 611 4180 658 4234; x_wconf 72' lang='lat' dir='ltr'><strong>ilar</strong></span> <span class='ocrx_word' id='word_1_283' title='bbox 680 4181 815 4249; x_wconf 74' lang='lat' dir='ltr'><strong>versaret.</strong></span> 
     </span>
    </p>
   </div>
   <div class='ocr_carea' id='block_1_14' title="bbox 0 0 1633 5134">
    <p class='ocr_par' dir='ltr' id='par_1_23' title="bbox 0 0 1633 5134">
     <span class='ocr_line' id='line_1_41' title="bbox 0 0 1633 5134; baseline 0 0"><span class='ocrx_word' id='word_1_284' title='bbox 0 0 1633 5134; x_wconf 95' lang='lat' dir='ltr'><strong> </strong></span> 
     </span>
    </p>
   </div>
  </div>
 </body>
</html>
