3242 5134
732 491 778 565 lt

210 646 290 745 Sed,
313 689 436 751 quaeso,
460 690 513 731 cur
535 673 670 733 subiato
698 692 821 733 numero
843 674 884 744 (2]
914 677 973 735 duo
995 678 1184 739 includuntur
1204 682 1286 740 bina·

225 762 273 819 rii?
292 762 479 836 praesertim
491 777 558 817 cnm
578 762 657 819 iuter
677 778 710 818 se
731 762 811 819 nullo
834 762 923 819 modo
945 764 1133 825 cohaereant.

240 861 250 872 ''
303 861 351 919 'l'u
372 850 497 931 mecum,
520 879 558 920 ne
579 863 674 932 fallor,
696 864 744 939 ita¹
760 863 916 939 dispones:

345 982 382 1039 11.
405 982 488 1053 Quae
511 982 602 1040 corda
622 989 725 1041 nostra
747 984 802 1041 sibi
845 986 935 1041 saciat
956 985 1176 1044 habitaculum*

398 1068 535 1143 Expulsis
557 1068 625 1126 inde
648 1071 763 1127 cunctis
805 1090 808 1095 ·
842 1071 920 1128 vitiis
944 1073 1135 1147 spiritalibus.

302 1186 352 1243 Ad
374 1188 444 1245 sibi
466 1192 496 1245 et
518 1190 661 1246 cunctis
676 1187 815 1264 ponenda
832 1196 878 1247 est
893 1192 1058 1249 intercisio:
1082 1192 1199 1270 minime
1215 1169 1284 1268 posi

222 1270 333 1334 saciat
354 1277 385 1329 et
406 1273 516 1331 vitiis.
560 1272 607 1330 Ita
629 1275 706 1330 enim
735 1277 907 1332 assonantia
936 1273 1040 1354 (sibi‚l
1053 1276 1156 1344 vitiis)
1184 1277 1281 1333 iubet:

222 1339 263 1421 iia
283 1343 435 1432 emphasis
457 1360 551 1433 ipsius
580 1361 746 1417 sententiae
776 1358 892 1418 suadet.
937 1359 1011 1418 Sibi
1033 1362 1119 1430 enim,
1142 1379 1201 1418 non
1224 1361 1282 1442 ‘dib

223 1441 292 1510 dbi,
320 1441 445 1500 Domino
476 1449 507 1501 et
534 1443 709 1513 vivificanti,
741 1446 868 1519 Spiritus
898 1445 1026 1503 Sanctus
1057 1444 1148 1504 corda
1181 1445 1284 1514 nostri

221 1527 290 1589 ficit
311 1528 494 1598 habitacula;
516 1532 618 1604 itaque
640 1530 747 1597 nullos,
770 1532 827 1587 nisi
850 1548 892 1599 se,
916 1528 1049 1588 dominos
1077 1533 1214 1606 agnoscit
1235 1531 1283 1589 vel
1390 1541 1394 1547 '

220 1628 384 1688 agnoscere
405 1620 515 1689 potest,
540 1620 570 1672 et
592 1621 722 1672 cuncta
743 1616 815 1673 vitia
837 1616 965 1691 expellit

370 1733 422 1790 III.
447 1733 574 1809 Spiritus
597 1736 673 1792 alme
801 1735 967 1793 illustrator
980 1736 1131 1793 hominum

440 1818 584 1878 Horridas
592 1825 714 1877 nostrae
800 1822 907 1877 mentis
930 1838 1027 1897 purga
1049 1822 1197 1878 tenebras.

419 1943 505 2013 utet
526 1956 604 2015 quae
627 1945 806 2015 sequuntur:
830 1942 887 1997 nisi
909 1940 990 2015 qnod
1012 1932 1120 1998 iteruin
1142 1938 1218 1994 duos
1239 1936 1282 1994 bi-

197 2098 200 2101 .
219 2024 315 2080 uarios
339 2024 393 2080 sub
416 2042 474 2081 uuo
497 2042 618 2082 numero
640 2024 766 2083 includit
786 2024 891 2082 editor.

298 2142 362 2199 Iam
376 2160 447 2201 vero
464 2145 697 2216 experimentum
718 2141 799 2199 aliud
814 2121 972 2200 faciamus:
996 2143 1180 2200 notissimam
1201 2142 1281 2198 illam

219 2226 407 2302 Sequentiam
428 2227 630 2285 Benedicta
651 2229 700 2285 sit
722 2244 861 2302 semper
882 2230 912 2286 in
927 2230 1081 2285 materiam
1095 2227 1279 2284 adhibentes.

219 2310 262 2370 Ita
282 2313 365 2370 illam
386 2312 504 2371 ordinat
525 2313 659 2369 Munius:

241 2432 265 2489 1.
280 2431 445 2489 Benedicta
467 2449 585 2507 semper
607 2432 646 2489 sit
771 2432 800 2490 2.
815 2431 896 2488 Deus
920 2432 1045 2506 genitor,
1125 2485 1127 2489 .

280 2522 385 2573 sancta
407 2518 532 2585 trinitas,
814 2514 888 2573 deus
911 2517 1041 2591 genitus,

280 2601 376 2659 deitas
399 2603 514 2659 scilicet
535 2603 632 2670 unica,
814 2602 844 2657 in
865 2605 994 2677 utroque
1017 2617 1102 2660 sacer
1124 2601 1246 2675 spiritus

279 2688 451 2763 coaequalis
474 2687 578 2763 gloria.
810 2685 923 2743 deitate
947 2688 1055 2743 socius.
1109 2720 1112 2726 -

277 2804 378 2873 Pater,
401 2806 491 2872 filius,
813 2802 880 2857 Non
904 2807 966 2857 tres
989 2811 1088 2858 tamen
1112 2800 1152 2857 dii
1174 2805 1251 2890 sunt,

280 2895 401 2947 sanctus
425 2891 555 2965 spiritus,
813 2884 888 2942 deus
910 2904 987 2943 unus
1011 2891 1067 2953 est,

274 2966 335 3032 ¹tria
358 2981 427 3032 suut
448 2976 575 3041 uomina,
598 2973 695 3051 omnia
813 2972 856 3027 sic
878 2975 965 3043 pater
987 2969 1132 3037 dominus,
1160 2969 1238 3025 tilius

279 3059 391 3118 eadem
407 3053 583 3118 substantia.
778 3054 789 3074 ⁴
813 3056 994 3128 spiritusque
1007 3054 1162 3110 dominus.

299 3180 349 3247 At,
374 3181 399 3236 si
421 3176 493 3253 quid
514 3176 611 3245 video,
634 3191 732 3250 neque
754 3175 833 3229 inter
863 3191 895 3230 se
917 3190 1023 3231 versus
1045 3173 1158 3247 primus
1182 3175 1212 3226 et
1234 3187 1280 3226 se·

223 3263 341 3333 enudus,
363 3282 461 3340 neque
483 3281 585 3321 eorum
606 3267 708 3336 partes
730 3264 832 3315 mutuo
847 3256 1038 3332 respondent.
1076 3255 1194 3331 Duplici
1209 3271 1281 3329 ergo

222 3349 303 3406 modo
326 3349 455 3407 ordinari
476 3352 579 3424 potest
599 3348 657 3404 hoc
680 3343 839 3403 exordium.
884 3344 939 3400 Vel
962 3344 1020 3399 sic:

206 3541 209 3545 ⁴
300 3468 465 3528 Benedicta
495 3484 612 3629 semper
642 3468 681 3524 sit
710 3466 820 3521 Sancta
849 3462 977 3520 Trinitas
1004 3450 1009 3539 Ι
1034 3461 1136 3519 Deitas
1168 3459 1282 3517 scilicet

451 3557 540 3611 unica
584 3550 754 3626 coaequalis
777 3550 873 3624 gloria

357 3716 359 3721 Ι
385 3640 492 3708 Pater,
522 3639 631 3705 Filius,
663 3637 789 3693 Sanctus
813 3634 940 3708 Spiritus
960 3622 965 3710 Ι
984 3633 1042 3690 tria
1064 3637 1133 3688 sunt
1155 3631 1281 3699 nomina,

471 3722 569 3781 omnia
587 3712 592 3800 Ι
612 3720 717 3779 eadem
740 3720 907 3778 substantia

385 3811 468 3880 Deus
490 3811 616 3886 genitor,
639 3809 722 3865 Deus
744 3806 863 3881 genitus
882 3792 887 3879 Ι
906 3805 936 3861 in
957 3808 1086 3878 utroque
1108 3818 1195 3860 sacer
1217 3799 1282 3874 Spi-

470 3897 544 3952 ritus
564 3882 569 3968 Ι
589 3893 700 3950 deitate
723 3892 823 3948 socius

301 3997 367 4052 Non
390 4002 452 4054 tres
476 4003 573 4055 tamen
595 3996 642 4054 Dii
665 4000 743 4061 sunt,
766 3992 848 4049 Deus
870 4009 947 4049 unus
970 3995 1017 4047 est
1036 3981 1040 4067 Ι
1061 3990 1103 4048 sie
1118 3988 1209 4045 Pater
1224 3987 1282 4043 Do·

453 4085 558 4151 miuus,
581 4083 683 4149 Filius,
703 4068 708 4155 Ι
728 4078 915 4154 Spiritusque
938 4078 1088 4133 Dominus.

221 4156 299 4242 quod
321 4173 353 4225 et
373 4167 519 4237 Monium,
556 4168 628 4226 licet
654 4164 794 4233 obscure,
823 4164 1008 4239 significasse
1038 4159 1136 4218 eredo.
1158 4184 1201 4195 -
1223 4152 1284 4212 Sed

220 4270 309 4327 quum
330 4253 412 4310 nulla
442 4257 481 4312 sit
503 4252 665 4329 Sequentia
697 4267 774 4325 quae
796 4248 899 4324 plures
921 4247 1072 4322 acceperit
1093 4245 1212 4308 formas,
1241 4242 1284 4296 ita

220 4344 332 4407 utnon
354 4339 452 4396 solnm
470 4340 563 4397 verba
583 4327 749 4404 varientur,
779 4332 835 4393 sed
856 4339 888 4392 et
907 4333 966 4408 ipsi
987 4340 1092 4390 versus
1115 4328 1163 4386 vix
1184 4323 1282 4392 iidem,

218 4422 247 4484 ir
262 4415 417 4494 nuruum
438 4425 641 4484 Ecclesiamrn
669 4419 862 4488 liissabbns·
881 4418 1051 4485 rideantur3
1073 4428 1229 4490 quumque·
1253 4412 1283 4470 in

212 3731 217 3740 ’
247 3773 260 3830 1
