<?xml version="1.0" encoding="UTF-8"?>
<!DOCTYPE html PUBLIC "-//W3C//DTD XHTML 1.0 Transitional//EN"
    "http://www.w3.org/TR/xhtml1/DTD/xhtml1-transitional.dtd">
<html xmlns="http://www.w3.org/1999/xhtml" xml:lang="en" lang="en">
 <head>
  <title>
</title>
<meta http-equiv="Content-Type" content="text/html;charset=utf-8" />
  <meta name='ocr-system' content='tesseract 3.04.00' />
  <meta name='ocr-capabilities' content='ocr_page ocr_carea ocr_par ocr_line ocrx_word'/>
</head>
<body>
  <div class='ocr_page' id='page_1' title='image "./thesaurushymnol01danigoog_0366.png"; bbox 0 0 3242 5134; ppageno 0'>
   <div class='ocr_carea' id='block_1_1' title="bbox 284 1164 1350 1500">
    <p class='ocr_par' dir='ltr' id='par_1_1' title="bbox 284 1164 1350 1500">
     <span class='ocr_line' id='line_1_1' title="bbox 284 1164 1350 1306; baseline 0.001 -21"><span class='ocrx_word' id='word_1_1' title='bbox 284 1218 439 1287; x_wconf 75' lang='lat' dir='ltr'>Elouolrus</span> <span class='ocrx_word' id='word_1_2' title='bbox 461 1218 664 1299; x_wconf 69' lang='lat' dir='ltr'>tirannorum,</span> <span class='ocrx_word' id='word_1_3' title='bbox 689 1164 930 1303; x_wconf 74' lang='lat' dir='ltr'>sequentiarum</span> <span class='ocrx_word' id='word_1_4' title='bbox 957 1177 1156 1306; x_wconf 74' lang='lat' dir='ltr'>oliomriouo</span> <span class='ocrx_word' id='word_1_5' title='bbox 1178 1167 1350 1289; x_wconf 68' lang='lat' dir='ltr'>omniurn</span> 
     </span>
     <span class='ocr_line' id='line_1_2' title="bbox 286 1317 1350 1407; baseline -0.002 -20"><span class='ocrx_word' id='word_1_6' title='bbox 286 1334 365 1404; x_wconf 79' lang='lat' dir='ltr'>outo</span> <span class='ocrx_word' id='word_1_7' title='bbox 387 1317 681 1406; x_wconf 69' lang='lat' dir='ltr'>vulgariorum,</span> <span class='ocrx_word' id='word_1_8' title='bbox 713 1318 878 1403; x_wconf 85' lang='lat' dir='ltr'>praooipuo</span> <span class='ocrx_word' id='word_1_9' title='bbox 914 1336 1021 1389; x_wconf 82' lang='lat' dir='ltr'>corun</span> <span class='ocrx_word' id='word_1_10' title='bbox 1050 1335 1132 1407; x_wconf 81' lang='lat' dir='ltr'>quae</span> <span class='ocrx_word' id='word_1_11' title='bbox 1154 1317 1297 1389; x_wconf 77' lang='lat' dir='ltr'>Eoolosir</span> <span class='ocrx_word' id='word_1_12' title='bbox 1318 1317 1350 1386; x_wconf 87' lang='lat' dir='ltr'>ir</span> 
     </span>
     <span class='ocr_line' id='line_1_3' title="bbox 597 1419 1037 1500; baseline 0.002 -16"><span class='ocrx_word' id='word_1_13' title='bbox 597 1433 691 1488; x_wconf 84' lang='lat' dir='ltr'>usuro</span> <span class='ocrx_word' id='word_1_14' title='bbox 713 1434 807 1489; x_wconf 84' lang='lat' dir='ltr'>suun</span> <span class='ocrx_word' id='word_1_15' title='bbox 829 1419 985 1491; x_wconf 85' lang='lat' dir='ltr'>oorrortit</span> <span class='ocrx_word' id='word_1_16' title='bbox 998 1421 1037 1500; x_wconf 72' lang='lat' dir='ltr'>*t</span> 
     </span>
    </p>
   </div>
   <div class='ocr_carea' id='block_1_2' title="bbox 754 1591 855 1603">
    <p class='ocr_par' dir='ltr' id='par_1_2' title="bbox 754 1591 855 1603">
     <span class='ocr_line' id='line_1_4' title="bbox 754 1591 855 1603; baseline 0.01 -1"><span class='ocrx_word' id='word_1_17' title='bbox 754 1591 855 1603; x_wconf 60' lang='lat'><strong>¹0¹⁸—-</strong></span> 
     </span>
    </p>
   </div>
   <div class='ocr_carea' id='block_1_3' title="bbox 284 1722 1390 3955">
    <p class='ocr_par' dir='ltr' id='par_1_3' title="bbox 286 1722 1351 1844">
     <span class='ocr_line' id='line_1_5' title="bbox 354 1722 1351 1789; baseline 0.003 -16"><span class='ocrx_word' id='word_1_18' title='bbox 354 1722 468 1773; x_wconf 87' lang='lat' dir='ltr'>Numeri</span> <span class='ocrx_word' id='word_1_19' title='bbox 488 1723 589 1788; x_wconf 89' lang='lat' dir='ltr'>quibus</span> <span class='ocrx_word' id='word_1_20' title='bbox 607 1722 690 1773; x_wconf 89' lang='lat' dir='ltr'>litcra</span> <span class='ocrx_word' id='word_1_21' title='bbox 708 1722 782 1774; x_wconf 89' lang='lat' dir='ltr'>haud</span> <span class='ocrx_word' id='word_1_22' title='bbox 801 1724 932 1789; x_wconf 87' lang='lat' dir='ltr'>apposita</span> <span class='ocrx_word' id='word_1_23' title='bbox 955 1726 1011 1785; x_wconf 83' lang='lat' dir='ltr'>est,</span> <span class='ocrx_word' id='word_1_24' title='bbox 1042 1724 1196 1776; x_wconf 86' lang='lat' dir='ltr'>ostendunt</span> <span class='ocrx_word' id='word_1_25' title='bbox 1214 1724 1351 1776; x_wconf 77' lang='lat' dir='ltr'>Thesauri</span> 
     </span>
     <span class='ocr_line' id='line_1_6' title="bbox 286 1791 491 1844; baseline -0.01 0"><span class='ocrx_word' id='word_1_26' title='bbox 286 1791 435 1844; x_wconf 85' lang='lat' dir='ltr'>volumina.</span> <span class='ocrx_word' id='word_1_27' title='bbox 489 1830 491 1834; x_wconf 83' lang='lat'>.</span> 
     </span>
    </p>

    <p class='ocr_par' dir='ltr' id='par_1_4' title="bbox 284 1856 1352 2115">
     <span class='ocr_line' id='line_1_7' title="bbox 352 1856 1352 1924; baseline 0.003 -16"><span class='ocrx_word' id='word_1_28' title='bbox 352 1858 451 1910; x_wconf 89' lang='lat' dir='ltr'>Litera</span> <span class='ocrx_word' id='word_1_29' title='bbox 467 1858 504 1908; x_wconf 91' lang='grc' dir='ltr'>Μ.</span> <span class='ocrx_word' id='word_1_30' title='bbox 524 1859 640 1921; x_wconf 89' lang='lat' dir='ltr'>denotat</span> <span class='ocrx_word' id='word_1_31' title='bbox 662 1857 786 1909; x_wconf 86' lang='lat' dir='ltr'>carmina</span> <span class='ocrx_word' id='word_1_32' title='bbox 810 1859 845 1909; x_wconf 88' lang='lat' dir='ltr'>ab</span> <span class='ocrx_word' id='word_1_33' title='bbox 863 1858 958 1911; x_wconf 90' lang='lat' dir='ltr'>Monio</span> <span class='ocrx_word' id='word_1_34' title='bbox 983 1862 1106 1924; x_wconf 81' lang='lat' dir='ltr'>recepta.</span> <span class='ocrx_word' id='word_1_35' title='bbox 1141 1856 1197 1923; x_wconf 90' lang='lat' dir='ltr'>Qui</span> <span class='ocrx_word' id='word_1_36' title='bbox 1223 1858 1352 1913; x_wconf 87' lang='lat' dir='ltr'>adiicitur</span> 
     </span>
     <span class='ocr_line' id='line_1_8' title="bbox 284 1926 1352 1993; baseline 0.001 -15"><span class='ocrx_word' id='word_1_37' title='bbox 284 1943 416 1978; x_wconf 89' lang='lat' dir='ltr'>numerus</span> <span class='ocrx_word' id='word_1_38' title='bbox 440 1926 574 1993; x_wconf 81' lang='lat' dir='ltr'>indigitat</span> <span class='ocrx_word' id='word_1_39' title='bbox 596 1942 650 1977; x_wconf 90' lang='lat' dir='ltr'>non</span> <span class='ocrx_word' id='word_1_40' title='bbox 673 1926 844 1993; x_wconf 84' lang='lat' dir='ltr'>paginarum</span> <span class='ocrx_word' id='word_1_41' title='bbox 871 1927 921 1979; x_wconf 90' lang='lat' dir='ltr'>scd</span> <span class='ocrx_word' id='word_1_42' title='bbox 946 1926 1105 1978; x_wconf 90' lang='lat' dir='ltr'>cantionum</span> <span class='ocrx_word' id='word_1_43' title='bbox 1130 1930 1286 1979; x_wconf 89' lang='lat' dir='ltr'>numerum.</span> <span class='ocrx_word' id='word_1_44' title='bbox 1321 1927 1352 1979; x_wconf 91' lang='lat' dir='ltr'>In</span> 
     </span>
     <span class='ocr_line' id='line_1_9' title="bbox 285 1994 1352 2061; baseline 0.002 -16"><span class='ocrx_word' id='word_1_45' title='bbox 285 1995 340 2046; x_wconf 89' lang='lat' dir='ltr'>illis</span> <span class='ocrx_word' id='word_1_46' title='bbox 360 1995 543 2054; x_wconf 82' lang='lat' dir='ltr'>carminibus,</span> <span class='ocrx_word' id='word_1_47' title='bbox 567 2010 686 2059; x_wconf 91' lang='lat' dir='ltr'>quorum</span> <span class='ocrx_word' id='word_1_48' title='bbox 705 1994 788 2045; x_wconf 89' lang='lat' dir='ltr'>sodes</span> <span class='ocrx_word' id='word_1_49' title='bbox 806 1998 891 2061; x_wconf 90' lang='lat' dir='ltr'>atque</span> <span class='ocrx_word' id='word_1_50' title='bbox 909 1994 990 2046; x_wconf 89' lang='lat' dir='ltr'>initia</span> <span class='ocrx_word' id='word_1_51' title='bbox 1008 1994 1289 2057; x_wconf 67' lang='lat' dir='ltr'>indicavit&#39;Monius‚</span> <span class='ocrx_word' id='word_1_52' title='bbox 1310 2010 1352 2047; x_wconf 85' lang='lat' dir='ltr'>cx·</span> 
     </span>
     <span class='ocr_line' id='line_1_10' title="bbox 286 2064 518 2115; baseline -0.009 0"><span class='ocrx_word' id='word_1_53' title='bbox 286 2064 324 2115; x_wconf 90' lang='lat' dir='ltr'>cit</span> <span class='ocrx_word' id='word_1_54' title='bbox 313 2067 389 2114; x_wconf 85' lang='lat' dir='ltr'>tatur</span> <span class='ocrx_word' id='word_1_55' title='bbox 427 2079 518 2113; x_wconf 84' lang='lat' dir='ltr'>arna.</span> 
     </span>
    </p>

    <p class='ocr_par' dir='ltr' id='par_1_5' title="bbox 318 2079 1144 2197">
     <span class='ocr_line' id='line_1_11' title="bbox 318 2079 1144 2197; baseline 0 -16"><span class='ocrx_word' id='word_1_56' title='bbox 318 2132 370 2181; x_wconf 82' lang='lat' dir='ltr'>Ab</span> <span class='ocrx_word' id='word_1_57' title='bbox 404 2079 486 2182; x_wconf 49' lang='grc' dir='ltr'>ἓνὲν.</span> <span class='ocrx_word' id='word_1_58' title='bbox 504 2130 714 2181; x_wconf 78' lang='lat' dir='ltr'>Aberdonense.</span> <span class='ocrx_word' id='word_1_59' title='bbox 733 2129 829 2195; x_wconf 85' lang='lat' dir='ltr'>(Thes.</span> <span class='ocrx_word' id='word_1_60' title='bbox 847 2128 895 2180; x_wconf 93' lang='lat' dir='ltr'>IV</span> <span class='ocrx_word' id='word_1_61' title='bbox 913 2129 996 2182; x_wconf 91' lang='lat' dir='ltr'>Proll.</span> <span class='ocrx_word' id='word_1_62' title='bbox 1016 2147 1041 2197; x_wconf 91' lang='lat' dir='ltr'>p.</span> <span class='ocrx_word' id='word_1_63' title='bbox 1056 2129 1144 2195; x_wconf 83' lang='lat' dir='ltr'>XVI).</span> 
     </span>
    </p>

    <p class='ocr_par' dir='ltr' id='par_1_6' title="bbox 320 2196 877 2264">
     <span class='ocr_line' id='line_1_12' title="bbox 320 2196 877 2264; baseline 0 -16"><span class='ocrx_word' id='word_1_64' title='bbox 320 2199 369 2248; x_wconf 91' lang='lat' dir='ltr'>Bd.</span> <span class='ocrx_word' id='word_1_65' title='bbox 405 2198 524 2264; x_wconf 85' lang='lat' dir='ltr'>Propria</span> <span class='ocrx_word' id='word_1_66' title='bbox 543 2196 658 2248; x_wconf 89' lang='lat' dir='ltr'>Ordrnrs</span> <span class='ocrx_word' id='word_1_67' title='bbox 678 2198 705 2248; x_wconf 62' lang='grc' dir='ltr'><strong>Β</strong></span> <span class='ocrx_word' id='word_1_68' title='bbox 722 2197 877 2249; x_wconf 81' lang='lat' dir='ltr'>Benedicti</span> 
     </span>
    </p>

    <p class='ocr_par' dir='ltr' id='par_1_7' title="bbox 321 2264 793 2330">
     <span class='ocr_line' id='line_1_13' title="bbox 321 2264 793 2330; baseline 0 -14"><span class='ocrx_word' id='word_1_69' title='bbox 321 2265 377 2316; x_wconf 88' lang='lat' dir='ltr'>Crn.</span> <span class='ocrx_word' id='word_1_70' title='bbox 404 2266 552 2330; x_wconf 88' lang='lat' dir='ltr'>Proprium</span> <span class='ocrx_word' id='word_1_71' title='bbox 572 2264 793 2316; x_wconf 77' lang='lat' dir='ltr'>carmelitarum</span> 
     </span>
    </p>

    <p class='ocr_par' dir='ltr' id='par_1_8' title="bbox 320 2331 1233 2400">
     <span class='ocr_line' id='line_1_14' title="bbox 320 2331 1233 2400; baseline 0.002 -16"><span class='ocrx_word' id='word_1_72' title='bbox 320 2334 367 2385; x_wconf 86' lang='lat' dir='ltr'>Co.</span> <span class='ocrx_word' id='word_1_73' title='bbox 406 2334 488 2384; x_wconf 87' lang='lat' dir='ltr'>Brcv.</span> <span class='ocrx_word' id='word_1_74' title='bbox 508 2332 723 2385; x_wconf 85' lang='lat' dir='ltr'>Constantiensc</span> <span class='ocrx_word' id='word_1_75' title='bbox 741 2337 823 2385; x_wconf 87' lang='lat' dir='ltr'>vetus</span> <span class='ocrx_word' id='word_1_76' title='bbox 843 2331 938 2397; x_wconf 82' lang='lat' dir='ltr'>(Thes.</span> <span class='ocrx_word' id='word_1_77' title='bbox 957 2332 1005 2384; x_wconf 92' lang='lat' dir='ltr'>IV</span> <span class='ocrx_word' id='word_1_78' title='bbox 1024 2331 1108 2384; x_wconf 90' lang='lat' dir='ltr'>Proll.</span> <span class='ocrx_word' id='word_1_79' title='bbox 1127 2350 1153 2400; x_wconf 93' lang='lat' dir='ltr'>p</span> <span class='ocrx_word' id='word_1_80' title='bbox 1173 2333 1233 2398; x_wconf 86' lang='lat' dir='ltr'>XI).</span> 
     </span>
    </p>

    <p class='ocr_par' dir='ltr' id='par_1_9' title="bbox 321 2400 704 2452">
     <span class='ocr_line' id='line_1_15' title="bbox 321 2400 704 2452; baseline 0 -1"><span class='ocrx_word' id='word_1_81' title='bbox 321 2401 366 2452; x_wconf 84' lang='lat' dir='ltr'>Os.</span> <span class='ocrx_word' id='word_1_82' title='bbox 406 2402 488 2452; x_wconf 86' lang='lat' dir='ltr'>Brev.</span> <span class='ocrx_word' id='word_1_83' title='bbox 508 2400 568 2450; x_wconf 82' lang='lat' dir='ltr'>cist</span> <span class='ocrx_word' id='word_1_84' title='bbox 557 2400 704 2451; x_wconf 87' lang='lat' dir='ltr'>terciense.</span> 
     </span>
    </p>

    <p class='ocr_par' dir='ltr' id='par_1_10' title="bbox 319 2465 1351 2587">
     <span class='ocr_line' id='line_1_16' title="bbox 319 2465 1351 2537; baseline 0.003 -18"><span class='ocrx_word' id='word_1_85' title='bbox 319 2468 400 2519; x_wconf 91' lang='lat' dir='ltr'>Dum.</span> <span class='ocrx_word' id='word_1_86' title='bbox 406 2468 469 2519; x_wconf 90' lang='lat' dir='ltr'>Duo</span> <span class='ocrx_word' id='word_1_87' title='bbox 489 2482 575 2532; x_wconf 90' lang='lat' dir='ltr'>opera</span> <span class='ocrx_word' id='word_1_88' title='bbox 594 2468 666 2518; x_wconf 90' lang='lat' dir='ltr'>doct</span> <span class='ocrx_word' id='word_1_89' title='bbox 698 2465 744 2518; x_wconf 92' lang='lat' dir='ltr'>Du</span> <span class='ocrx_word' id='word_1_90' title='bbox 761 2466 850 2528; x_wconf 85' lang='lat' dir='ltr'>Mc&#39;ril,</span> <span class='ocrx_word' id='word_1_91' title='bbox 870 2468 966 2534; x_wconf 84' lang='lat' dir='ltr'>(Thes.</span> <span class='ocrx_word' id='word_1_92' title='bbox 984 2468 1031 2520; x_wconf 92' lang='lat' dir='ltr'>IV.</span> <span class='ocrx_word' id='word_1_93' title='bbox 1056 2468 1141 2521; x_wconf 92' lang='lat' dir='ltr'>Proll.</span> <span class='ocrx_word' id='word_1_94' title='bbox 1160 2479 1186 2536; x_wconf 88' lang='lat' dir='ltr'>p.</span> <span class='ocrx_word' id='word_1_95' title='bbox 1211 2469 1282 2522; x_wconf 86' lang='lat' dir='ltr'>XIV</span> <span class='ocrx_word' id='word_1_96' title='bbox 1300 2471 1351 2537; x_wconf 83' lang='lat' dir='ltr'>sq.)</span> 
     </span>
     <span class='ocr_line' id='line_1_17' title="bbox 489 2533 886 2601; baseline 0.005 -16"><span class='ocrx_word' id='word_1_97' title='bbox 489 2550 562 2585; x_wconf 92' lang='lat' dir='ltr'>num.</span> <span class='ocrx_word' id='word_1_98' title='bbox 581 2533 601 2585; x_wconf 91' lang='lat' dir='ltr'>I.</span> <span class='ocrx_word' id='word_1_99' title='bbox 620 2540 649 2587; x_wconf 89' lang='lat' dir='ltr'>et</span> <span class='ocrx_word' id='word_1_100' title='bbox 666 2533 700 2586; x_wconf 90' lang='grc' dir='ltr'>Π.</span> <span class='ocrx_word' id='word_1_101' title='bbox 721 2536 886 2601; x_wconf 82' lang='lat' dir='ltr'>significata.</span> 
     </span>
    </p>

    <p class='ocr_par' dir='ltr' id='par_1_11' title="bbox 318 2602 1038 2670">
     <span class='ocr_line' id='line_1_18' title="bbox 318 2602 1038 2670; baseline 0.003 -17"><span class='ocrx_word' id='word_1_102' title='bbox 318 2604 391 2653; x_wconf 89' lang='lat' dir='ltr'>Frib.</span> <span class='ocrx_word' id='word_1_103' title='bbox 405 2603 553 2668; x_wconf 89' lang='lat' dir='ltr'>Proprium</span> <span class='ocrx_word' id='word_1_104' title='bbox 572 2602 814 2655; x_wconf 86' lang='lat' dir='ltr'>archidioeceseos</span> <span class='ocrx_word' id='word_1_105' title='bbox 831 2603 1038 2670; x_wconf 83' lang='lat' dir='ltr'>Friburgensis.</span> 
     </span>
    </p>

    <p class='ocr_par' dir='ltr' id='par_1_12' title="bbox 320 2669 837 2723">
     <span class='ocr_line' id='line_1_19' title="bbox 320 2669 837 2723; baseline 0 -2"><span class='ocrx_word' id='word_1_106' title='bbox 320 2670 371 2721; x_wconf 87' lang='lat' dir='ltr'>Ga.</span> <span class='ocrx_word' id='word_1_107' title='bbox 406 2670 488 2721; x_wconf 89' lang='lat' dir='ltr'>Brev</span> <span class='ocrx_word' id='word_1_108' title='bbox 508 2669 652 2722; x_wconf 84' lang='lat' dir='ltr'>Gallicana</span> <span class='ocrx_word' id='word_1_109' title='bbox 670 2671 837 2723; x_wconf 80' lang='lat' dir='ltr'>recentiora.</span> 
     </span>
    </p>

    <p class='ocr_par' dir='ltr' id='par_1_13' title="bbox 319 2727 1226 2807">
     <span class='ocr_line' id='line_1_20' title="bbox 319 2727 1226 2807; baseline 0.003 -18"><span class='ocrx_word' id='word_1_110' title='bbox 319 2738 363 2789; x_wconf 91' lang='lat' dir='ltr'>Hi</span> <span class='ocrx_word' id='word_1_111' title='bbox 408 2738 489 2789; x_wconf 87' lang='lat' dir='ltr'>Brev</span> <span class='ocrx_word' id='word_1_112' title='bbox 508 2737 748 2790; x_wconf 86' lang='lat' dir='ltr'>Halberstadense</span> <span class='ocrx_word' id='word_1_113' title='bbox 766 2739 908 2790; x_wconf 89' lang='lat' dir='ltr'>recentius</span> <span class='ocrx_word' id='word_1_114' title='bbox 928 2727 1024 2804; x_wconf 73' lang='lat' dir='ltr'>(Thes.</span> <span class='ocrx_word' id='word_1_115' title='bbox 1041 2739 1089 2792; x_wconf 94' lang='grc' dir='ltr'><strong>ΙΜ.</strong></span> <span class='ocrx_word' id='word_1_116' title='bbox 1108 2756 1134 2807; x_wconf 94' lang='lat' dir='ltr'>p.</span> <span class='ocrx_word' id='word_1_117' title='bbox 1152 2742 1226 2806; x_wconf 77' lang='lat'>221)</span> 
     </span>
    </p>

    <p class='ocr_par' dir='ltr' id='par_1_14' title="bbox 319 2805 936 2872">
     <span class='ocr_line' id='line_1_21' title="bbox 319 2805 936 2872; baseline 0.003 -17"><span class='ocrx_word' id='word_1_118' title='bbox 319 2806 373 2871; x_wconf 91' lang='lat' dir='ltr'>Hp</span> <span class='ocrx_word' id='word_1_119' title='bbox 408 2805 556 2871; x_wconf 88' lang='lat' dir='ltr'>Proprium</span> <span class='ocrx_word' id='word_1_120' title='bbox 574 2806 721 2857; x_wconf 87' lang='lat' dir='ltr'>Festorum</span> <span class='ocrx_word' id='word_1_121' title='bbox 739 2806 936 2872; x_wconf 86' lang='lat' dir='ltr'>Hispanorum</span> 
     </span>
    </p>

    <p class='ocr_par' dir='ltr' id='par_1_15' title="bbox 322 2824 1053 2927">
     <span class='ocr_line' id='line_1_22' title="bbox 322 2824 1053 2927; baseline 0.004 -4"><span class='ocrx_word' id='word_1_122' title='bbox 322 2874 396 2925; x_wconf 83' lang='lat' dir='ltr'>illab.</span> <span class='ocrx_word' id='word_1_123' title='bbox 410 2824 544 2924; x_wconf 75' lang='lat' dir='ltr'>Mabpillon</span> <span class='ocrx_word' id='word_1_124' title='bbox 562 2873 634 2925; x_wconf 80' lang='lat' dir='ltr'>Acta</span> <span class='ocrx_word' id='word_1_125' title='bbox 653 2873 702 2926; x_wconf 89' lang='lat' dir='ltr'>SS.</span> <span class='ocrx_word' id='word_1_126' title='bbox 721 2872 836 2926; x_wconf 86' lang='lat' dir='ltr'>Ordinis</span> <span class='ocrx_word' id='word_1_127' title='bbox 855 2874 881 2927; x_wconf 87' lang='lat' dir='ltr'>S</span> <span class='ocrx_word' id='word_1_128' title='bbox 898 2874 1053 2927; x_wconf 87' lang='lat' dir='ltr'>Benedicti</span> 
     </span>
    </p>

    <p class='ocr_par' dir='ltr' id='par_1_16' title="bbox 318 2941 832 3009">
     <span class='ocr_line' id='line_1_23' title="bbox 318 2941 832 3009; baseline 0.002 -17"><span class='ocrx_word' id='word_1_129' title='bbox 318 2941 375 3007; x_wconf 87' lang='lat' dir='ltr'>Mg.</span> <span class='ocrx_word' id='word_1_130' title='bbox 407 2941 507 2994; x_wconf 85' lang='lat' dir='ltr'>Officia</span> <span class='ocrx_word' id='word_1_131' title='bbox 524 2942 640 3007; x_wconf 77' lang='lat' dir='ltr'>propria</span> <span class='ocrx_word' id='word_1_132' title='bbox 658 2941 832 3009; x_wconf 84' lang='lat' dir='ltr'>Mogontina.</span> 
     </span>
    </p>

    <p class='ocr_par' dir='ltr' id='par_1_17' title="bbox 318 3009 654 3060">
     <span class='ocr_line' id='line_1_24' title="bbox 318 3009 654 3060; baseline 0 -1"><span class='ocrx_word' id='word_1_133' title='bbox 318 3009 365 3059; x_wconf 88' lang='lat' dir='ltr'>Mi.</span> <span class='ocrx_word' id='word_1_134' title='bbox 407 3009 489 3060; x_wconf 89' lang='lat' dir='ltr'>Brev.</span> <span class='ocrx_word' id='word_1_135' title='bbox 507 3009 654 3060; x_wconf 86' lang='lat' dir='ltr'>Minorum.</span> 
     </span>
    </p>

    <p class='ocr_par' dir='ltr' id='par_1_18' title="bbox 319 3076 742 3129">
     <span class='ocr_line' id='line_1_25' title="bbox 319 3076 742 3129; baseline 0.002 -3"><span class='ocrx_word' id='word_1_136' title='bbox 319 3076 368 3127; x_wconf 94' lang='lat' dir='ltr'>Pd.</span> <span class='ocrx_word' id='word_1_137' title='bbox 407 3077 490 3129; x_wconf 85' lang='lat' dir='ltr'>Brev.</span> <span class='ocrx_word' id='word_1_138' title='bbox 505 3078 742 3129; x_wconf 85' lang='lat' dir='ltr'>Praedicatorum.</span> 
     </span>
    </p>

    <p class='ocr_par' dir='ltr' id='par_1_19' title="bbox 319 3144 793 3198">
     <span class='ocr_line' id='line_1_26' title="bbox 319 3144 793 3198; baseline 0.009 -5"><span class='ocrx_word' id='word_1_139' title='bbox 319 3144 377 3194; x_wconf 92' lang='lat' dir='ltr'>Prn</span> <span class='ocrx_word' id='word_1_140' title='bbox 395 3144 489 3197; x_wconf 82' lang='lat' dir='ltr'>Brev.</span> <span class='ocrx_word' id='word_1_141' title='bbox 504 3145 793 3198; x_wconf 83' lang='lat' dir='ltr'>Prasmonstratcnse.</span> 
     </span>
    </p>

    <p class='ocr_par' dir='ltr' id='par_1_20' title="bbox 320 3210 946 3265">
     <span class='ocr_line' id='line_1_27' title="bbox 320 3210 946 3265; baseline 0 -3"><span class='ocrx_word' id='word_1_142' title='bbox 320 3210 365 3262; x_wconf 88' lang='lat' dir='ltr'>Sv</span> <span class='ocrx_word' id='word_1_143' title='bbox 407 3212 489 3263; x_wconf 76' lang='lat' dir='ltr'>BrcV.</span> <span class='ocrx_word' id='word_1_144' title='bbox 508 3212 624 3264; x_wconf 88' lang='lat' dir='ltr'>Ordinis</span> <span class='ocrx_word' id='word_1_145' title='bbox 645 3212 795 3264; x_wconf 89' lang='lat' dir='ltr'>Servorum</span> <span class='ocrx_word' id='word_1_146' title='bbox 814 3212 844 3263; x_wconf 95' lang='lat' dir='ltr'>B.</span> <span class='ocrx_word' id='word_1_147' title='bbox 858 3212 894 3265; x_wconf 96' lang='grc' dir='ltr'><strong>Μ.</strong></span> <span class='ocrx_word' id='word_1_148' title='bbox 913 3213 946 3263; x_wconf 92' lang='lat' dir='ltr'>V</span> 
     </span>
    </p>

    <p class='ocr_par' dir='ltr' id='par_1_21' title="bbox 286 3279 1370 3397">
     <span class='ocr_line' id='line_1_28' title="bbox 353 3279 1370 3355; baseline 0.006 -25"><span class='ocrx_word' id='word_1_149' title='bbox 353 3280 406 3330; x_wconf 82' lang='lat' dir='ltr'>Alii</span> <span class='ocrx_word' id='word_1_150' title='bbox 425 3279 498 3340; x_wconf 91' lang='lat' dir='ltr'>libri,</span> <span class='ocrx_word' id='word_1_151' title='bbox 519 3280 567 3346; x_wconf 90' lang='lat' dir='ltr'>qui</span> <span class='ocrx_word' id='word_1_152' title='bbox 585 3280 677 3332; x_wconf 89' lang='lat' dir='ltr'>rarius</span> <span class='ocrx_word' id='word_1_153' title='bbox 695 3281 879 3343; x_wconf 70' lang='lat' dir='ltr'>occurrunt,⁸</span> <span class='ocrx_word' id='word_1_154' title='bbox 872 3298 901 3333; x_wconf 91' lang='lat' dir='ltr'>m</span> <span class='ocrx_word' id='word_1_155' title='bbox 919 3281 1010 3334; x_wconf 90' lang='lat' dir='ltr'>indice</span> <span class='ocrx_word' id='word_1_156' title='bbox 1028 3282 1186 3335; x_wconf 87' lang='lat' dir='ltr'>luculenter</span> <span class='ocrx_word' id='word_1_157' title='bbox 1203 3284 1351 3355; x_wconf 85' lang='lat' dir='ltr'>signiticat&#39;</span> <span class='ocrx_word' id='word_1_158' title='bbox 1344 3301 1370 3347; x_wconf 84' lang='grc' dir='ltr'>ιΙ</span> 
     </span>
     <span class='ocr_line' id='line_1_29' title="bbox 286 3316 358 3397; baseline 0 0"><span class='ocrx_word' id='word_1_159' title='bbox 286 3316 358 3397; x_wconf 82' lang='lat' dir='ltr'>sunt.</span> 
     </span>
    </p>

    <p class='ocr_par' dir='ltr' id='par_1_22' title="bbox 284 3414 1354 3675">
     <span class='ocr_line' id='line_1_30' title="bbox 352 3414 1353 3494; baseline 0.008 -29"><span class='ocrx_word' id='word_1_160' title='bbox 352 3416 431 3494; x_wconf 83' lang='lat' dir='ltr'>Quae</span> <span class='ocrx_word' id='word_1_161' title='bbox 450 3430 522 3481; x_wconf 89' lang='lat' dir='ltr'>ponc</span> <span class='ocrx_word' id='word_1_162' title='bbox 540 3414 728 3467; x_wconf 87' lang='lat' dir='ltr'>lincolam-</span> <span class='ocrx_word' id='word_1_163' title='bbox 694 3420 883 3482; x_wconf 88' lang='lat' dir='ltr'>-apparent</span> <span class='ocrx_word' id='word_1_164' title='bbox 900 3416 932 3467; x_wconf 89' lang='lat' dir='ltr'>lit</span> <span class='ocrx_word' id='word_1_165' title='bbox 921 3420 999 3469; x_wconf 86' lang='lat' dir='ltr'>terae</span> <span class='ocrx_word' id='word_1_166' title='bbox 1017 3417 1170 3485; x_wconf 80' lang='lat' dir='ltr'>indigitant</span> <span class='ocrx_word' id='word_1_167' title='bbox 1188 3435 1244 3471; x_wconf 94' lang='lat' dir='ltr'>non</span> <span class='ocrx_word' id='word_1_168' title='bbox 1262 3420 1353 3473; x_wconf 86' lang='lat' dir='ltr'>nullos</span> 
     </span>
     <span class='ocr_line' id='line_1_31' title="bbox 287 3482 1354 3550; baseline 0.003 -15"><span class='ocrx_word' id='word_1_169' title='bbox 287 3483 439 3535; x_wconf 86' lang='lat' dir='ltr'>carminum</span> <span class='ocrx_word' id='word_1_170' title='bbox 458 3482 607 3535; x_wconf 87' lang='lat' dir='ltr'>latinorum</span> <span class='ocrx_word' id='word_1_171' title='bbox 627 3483 765 3549; x_wconf 90' lang='lat' dir='ltr'>interpret</span> <span class='ocrx_word' id='word_1_172' title='bbox 766 3499 809 3545; x_wconf 86' lang='lat' dir='ltr'>es,</span> <span class='ocrx_word' id='word_1_173' title='bbox 841 3485 889 3550; x_wconf 91' lang='lat' dir='ltr'>qui</span> <span class='ocrx_word' id='word_1_174' title='bbox 906 3485 981 3536; x_wconf 87' lang='lat' dir='ltr'>inter</span> <span class='ocrx_word' id='word_1_175' title='bbox 998 3486 1200 3539; x_wconf 87' lang='lat' dir='ltr'>celebratiores</span> <span class='ocrx_word' id='word_1_176' title='bbox 1220 3494 1295 3541; x_wconf 91' lang='lat' dir='ltr'>sunt.</span> <span class='ocrx_word' id='word_1_177' title='bbox 1325 3488 1354 3539; x_wconf 81' lang='lat' dir='ltr'>F.</span> 
     </span>
     <span class='ocr_line' id='line_1_32' title="bbox 284 3550 1353 3623; baseline 0.007 -22"><span class='ocrx_word' id='word_1_178' title='bbox 284 3552 367 3602; x_wconf 87' lang='lat' dir='ltr'>Fort</span> <span class='ocrx_word' id='word_1_179' title='bbox 356 3550 503 3617; x_wconf 86' lang='lat' dir='ltr'>tlagium</span> <span class='ocrx_word' id='word_1_180' title='bbox 522 3550 666 3617; x_wconf 84' lang='lat' dir='ltr'>(Gesange</span> <span class='ocrx_word' id='word_1_181' title='bbox 685 3551 1099 3618; x_wconf 78' lang='lat' dir='ltr'>christlichchorzeit1844).</span> <span class='ocrx_word' id='word_1_182' title='bbox 1130 3551 1183 3606; x_wconf 89' lang='grc' dir='ltr'>Κο.</span> <span class='ocrx_word' id='word_1_183' title='bbox 1205 3554 1353 3623; x_wconf 76' lang='lat' dir='ltr'>Kduigs-</span> 
     </span>
     <span class='ocr_line' id='line_1_33' title="bbox 284 3619 1352 3675; baseline 0.007 -6"><span class='ocrx_word' id='word_1_184' title='bbox 284 3619 438 3670; x_wconf 85' lang='lat' dir='ltr'>fcldium.</span> <span class='ocrx_word' id='word_1_185' title='bbox 476 3619 513 3669; x_wconf 90' lang='lat' dir='ltr'>Si.</span> <span class='ocrx_word' id='word_1_186' title='bbox 533 3619 760 3671; x_wconf 85' lang='lat' dir='ltr'>Simroclrium.</span> <span class='ocrx_word' id='word_1_187' title='bbox 797 3619 843 3672; x_wconf 90' lang='lat' dir='ltr'>So</span> <span class='ocrx_word' id='word_1_188' title='bbox 863 3620 1109 3673; x_wconf 85' lang='lat' dir='ltr'>Schlosserum.</span> <span class='ocrx_word' id='word_1_189' title='bbox 1143 3621 1195 3674; x_wconf 85' lang='lat' dir='ltr'>Ka.</span> <span class='ocrx_word' id='word_1_190' title='bbox 1214 3623 1352 3675; x_wconf 82' lang='lat' dir='ltr'>Ksuffe·</span> 
     </span>
    </p>

    <p class='ocr_par' dir='ltr' id='par_1_23' title="bbox 284 3685 1353 3766">
     <span class='ocr_line' id='line_1_34' title="bbox 284 3685 1353 3766; baseline 0.008 -31.178"><span class='ocrx_word' id='word_1_191' title='bbox 284 3702 356 3736; x_wconf 89' lang='lat' dir='ltr'>rum</span> <span class='ocrx_word' id='word_1_192' title='bbox 376 3686 471 3749; x_wconf 80' lang='lat' dir='ltr'>(Thes,</span> <span class='ocrx_word' id='word_1_193' title='bbox 489 3686 537 3737; x_wconf 93' lang='lat' dir='ltr'>IV.</span> <span class='ocrx_word' id='word_1_194' title='bbox 555 3686 638 3737; x_wconf 87' lang='lat' dir='ltr'>Proll.</span> <span class='ocrx_word' id='word_1_195' title='bbox 661 3704 687 3765; x_wconf 90' lang='lat' dir='ltr'>p.</span> <span class='ocrx_word' id='word_1_196' title='bbox 706 3685 784 3766; x_wconf 84' lang='lat' dir='ltr'>XIV)</span> <span class='ocrx_word' id='word_1_197' title='bbox 818 3686 857 3739; x_wconf 89' lang='lat' dir='ltr'>St.</span> <span class='ocrx_word' id='word_1_198' title='bbox 876 3687 1031 3754; x_wconf 89' lang='lat' dir='ltr'>symbolum</span> <span class='ocrx_word' id='word_1_199' title='bbox 1051 3693 1095 3739; x_wconf 85' lang='lat' dir='ltr'>est</span> <span class='ocrx_word' id='word_1_200' title='bbox 1113 3688 1264 3743; x_wconf 89' lang='lat' dir='ltr'>Henrrcr</span> <span class='ocrx_word' id='word_1_201' title='bbox 1279 3690 1353 3743; x_wconf 82' lang='lat' dir='ltr'>Sta</span> 
     </span>
    </p>

    <p class='ocr_par' dir='ltr' id='par_1_24' title="bbox 284 3752 1390 3955">
     <span class='ocr_line' id='line_1_35' title="bbox 284 3752 1351 3834; baseline 0.004 -29"><span class='ocrx_word' id='word_1_202' title='bbox 284 3752 471 3814; x_wconf 88' lang='lat' dir='ltr'>dclmanni,</span> <span class='ocrx_word' id='word_1_203' title='bbox 490 3754 536 3819; x_wconf 92' lang='lat' dir='ltr'>qui</span> <span class='ocrx_word' id='word_1_204' title='bbox 555 3753 715 3834; x_wconf 80' lang='lat' dir='ltr'>nuperrime</span> <span class='ocrx_word' id='word_1_205' title='bbox 733 3754 851 3821; x_wconf 85' lang='lat' dir='ltr'>triginta</span> <span class='ocrx_word' id='word_1_206' title='bbox 869 3755 992 3821; x_wconf 89' lang='lat' dir='ltr'>quinque</span> <span class='ocrx_word' id='word_1_207' title='bbox 1011 3755 1134 3808; x_wconf 85' lang='lat' dir='ltr'>carmina</span> <span class='ocrx_word' id='word_1_208' title='bbox 1151 3758 1248 3823; x_wconf 86' lang='lat' dir='ltr'>percle</span> <span class='ocrx_word' id='word_1_209' title='bbox 1271 3762 1351 3813; x_wconf 82' lang='lat' dir='ltr'>antor</span> 
     </span>
     <span class='ocr_line' id='line_1_36' title="bbox 286 3776 1390 3890; baseline 0.005 -19"><span class='ocrx_word' id='word_1_210' title='bbox 286 3825 314 3872; x_wconf 90' lang='lat' dir='ltr'>et</span> <span class='ocrx_word' id='word_1_211' title='bbox 333 3821 427 3887; x_wconf 84' lang='lat' dir='ltr'>gravit</span> <span class='ocrx_word' id='word_1_212' title='bbox 429 3836 459 3871; x_wconf 92' lang='lat' dir='ltr'>cr</span> <span class='ocrx_word' id='word_1_213' title='bbox 416 3821 544 3873; x_wconf 88' lang='lat' dir='ltr'>tfccit</span> <span class='ocrx_word' id='word_1_214' title='bbox 533 3822 731 3888; x_wconf 39' lang='lat' dir='ltr'>wgcrmanica.</span> <span class='ocrx_word' id='word_1_215' title='bbox 767 3822 988 3886; x_wconf 81' lang='lat' dir='ltr'>(Altchristliche</span> <span class='ocrx_word' id='word_1_216' title='bbox 1010 3823 1140 3890; x_wconf 89' lang='lat' dir='ltr'>Hymnen</span> <span class='ocrx_word' id='word_1_217' title='bbox 1164 3826 1223 3877; x_wconf 91' lang='lat' dir='ltr'>und</span> <span class='ocrx_word' id='word_1_218' title='bbox 1249 3776 1353 3879; x_wconf 53' lang='lat' dir='ltr'>{iader</span> <span class='ocrx_word' id='word_1_219' title='bbox 1386 3851 1390 3855; x_wconf 92' lang='lat'>·</span> 
     </span>
     <span class='ocr_line' id='line_1_37' title="bbox 284 3889 1351 3955; baseline 0.005 -15"><span class='ocrx_word' id='word_1_220' title='bbox 284 3907 309 3940; x_wconf 93' lang='lat' dir='ltr'>u.</span> <span class='ocrx_word' id='word_1_221' title='bbox 324 3905 345 3939; x_wconf 91' lang='lat' dir='ltr'>s</span> <span class='ocrx_word' id='word_1_222' title='bbox 360 3906 393 3939; x_wconf 91' lang='lat' dir='ltr'>w.</span> <span class='ocrx_word' id='word_1_223' title='bbox 407 3889 562 3955; x_wconf 66' lang='lat' dir='ltr'>Auogsourg</span> <span class='ocrx_word' id='word_1_224' title='bbox 581 3892 666 3954; x_wconf 83' lang='lat'>1855).</span> <span class='ocrx_word' id='word_1_225' title='bbox 702 3889 832 3955; x_wconf 80' lang='lat' dir='ltr'>Denique</span> <span class='ocrx_word' id='word_1_226' title='bbox 849 3890 932 3942; x_wconf 90' lang='lat' dir='ltr'>litera</span> <span class='ocrx_word' id='word_1_227' title='bbox 950 3889 983 3942; x_wconf 91' lang='lat' dir='ltr'><strong>N</strong></span> <span class='ocrx_word' id='word_1_228' title='bbox 1001 3892 1122 3943; x_wconf 86' lang='lat' dir='ltr'>lectores</span> <span class='ocrx_word' id='word_1_229' title='bbox 1142 3898 1301 3947; x_wconf 89' lang='lat' dir='ltr'>commonet</span> <span class='ocrx_word' id='word_1_230' title='bbox 1318 3894 1351 3946; x_wconf 87' lang='lat' dir='ltr'>dc</span> 
     </span>
    </p>
   </div>
   <div class='ocr_carea' id='block_1_4' title="bbox 216 3956 1226 4026">
    <p class='ocr_par' dir='ltr' id='par_1_25' title="bbox 216 3956 1226 4026">
     <span class='ocr_line' id='line_1_38' title="bbox 216 3956 1226 4026; baseline 0.005 -19"><span class='ocrx_word' id='word_1_231' title='bbox 216 3984 221 3993; x_wconf 85' lang='lat'>.</span> <span class='ocrx_word' id='word_1_232' title='bbox 284 3956 398 4009; x_wconf 88' lang='lat' dir='ltr'>Nealii</span> <span class='ocrx_word' id='word_1_233' title='bbox 416 3956 501 4007; x_wconf 92' lang='lat' dir='ltr'>libro:</span> <span class='ocrx_word' id='word_1_234' title='bbox 521 3958 679 4010; x_wconf 87' lang='lat' dir='ltr'>Mediacval</span> <span class='ocrx_word' id='word_1_235' title='bbox 696 3959 796 4024; x_wconf 86' lang='lat' dir='ltr'>hymns</span> <span class='ocrx_word' id='word_1_236' title='bbox 816 3959 911 4023; x_wconf 85' lang='lat' dir='ltr'>(Thes</span> <span class='ocrx_word' id='word_1_237' title='bbox 929 3957 976 4009; x_wconf 94' lang='lat' dir='ltr'>IV.</span> <span class='ocrx_word' id='word_1_238' title='bbox 991 3958 1074 4011; x_wconf 88' lang='lat' dir='ltr'>Proll.</span> <span class='ocrx_word' id='word_1_239' title='bbox 1092 3975 1119 4025; x_wconf 91' lang='lat' dir='ltr'>p.</span> <span class='ocrx_word' id='word_1_240' title='bbox 1138 3959 1226 4026; x_wconf 78' lang='lat' dir='ltr'>XIV).</span> 
     </span>
    </p>
   </div>
   <div class='ocr_carea' id='block_1_5' title="bbox 334 4192 653 4246">
    <p class='ocr_par' dir='ltr' id='par_1_26' title="bbox 334 4192 653 4246">
     <span class='ocr_line' id='line_1_39' title="bbox 334 4192 653 4246; baseline -0.006 -11"><span class='ocrx_word' id='word_1_241' title='bbox 334 4192 355 4245; x_wconf 71' lang='lat' dir='ltr'>*l</span> <span class='ocrx_word' id='word_1_242' title='bbox 371 4193 436 4236; x_wconf 86' lang='lat' dir='ltr'>Thes.</span> <span class='ocrx_word' id='word_1_243' title='bbox 451 4194 485 4236; x_wconf 92' lang='lat' dir='ltr'>lV.</span> <span class='ocrx_word' id='word_1_244' title='bbox 501 4194 568 4236; x_wconf 75' lang='lat' dir='ltr'>l&#39;roll.</span> <span class='ocrx_word' id='word_1_245' title='bbox 582 4205 605 4246; x_wconf 87' lang='lat' dir='ltr'>p.</span> <span class='ocrx_word' id='word_1_246' title='bbox 620 4192 653 4234; x_wconf 82' lang='lat' dir='ltr'>Vl.</span> 
     </span>
    </p>
   </div>
   <div class='ocr_carea' id='block_1_6' title="bbox 0 0 1626 5134">
    <p class='ocr_par' dir='ltr' id='par_1_27' title="bbox 0 0 1626 5134">
     <span class='ocr_line' id='line_1_40' title="bbox 0 0 1626 5134; baseline 0 0"><span class='ocrx_word' id='word_1_247' title='bbox 0 0 1626 5134; x_wconf 95' lang='lat' dir='ltr'> </span> 
     </span>
    </p>
   </div>
  </div>
 </body>
</html>
