3242 5134
277 689 324 747 ’9.
348 689 563 745 Holocaustum
586 687 709 742 llomluo
732 686 861 742 offerunt
882 701 919 742 ex
939 677 1060 759 integro
1069 686 1213 759 Virgines
1226 691 1344 753 uastae,

427 789 553 845 corpore
597 770 738 839 mundae,
776 772 974 827 immortalem
1010 772 1175 845 Sponsnm'·
1198 771 1345 846 eligentes

428 858 586 914 Christum.
615 856 640 912 Ο
663 856 766 913 felices
789 858 921 930 nuptiae,
945 854 1053 930 qulbus
1074 855 1177 913 nullae
1200 855 1344 923 maculae,

428 942 501 999 nulli
523 941 642 998 dolores
665 947 770 1017 partus
786 947 857 998 suut
873 958 991 1016 graves,
1015 957 1070 998 nec
1084 940 1184 1016 pellex
1206 930 1344 1014 timcnds„

427 1045 482 1084 neo
506 1028 604 1082 nutrix
626 1027 768 1082 molesta!

298 1131 325 1190 6.
348 1131 491 1188 Lectulos
514 1129 620 1185 harum
643 1127 763 1185 Christo
786 1132 934 1186 vacantes
951 1126 1062 1202 Angcli
1096 1082 1213 1186 valiant
1249 1132 1347 1184 custo-

430 1215 547 1272 dientes
563 1229 600 1270 nc
617 1215 684 1287 quis
699 1214 834 1270 incestus
850 1217 978 1274 temeret
988 1212 1070 1270 illas:
1094 1211 1220 1272 ensibus
1237 1214 1345 1270 strictis

312 1286 319 1307 ⁸
430 1304 532 1355 arcent
520 1297 729 1355 timmundos.
750 1298 895 1354 Dormit
887 1315 917 1354 nn
939 1299 1008 1354 istis
1024 1297 1161 1356 comtos
1183 1315 1255 1354 cum
1276 1298 1344 1354 illis:

430 1386 499 1448 felix
527 1385 576 1440 hic
598 1400 743 1460 somnus,
780 1384 901 1457 requies
932 1381 1042 1439 dulcis:
1081 1400 1141 1456 quo
1172 1382 1348 1439 confovetur

429 1472 513 1543 virgo
529 1468 626 1525 fidelis
648 1469 725 1525 inter
747 1468 901 1541 amplexus
918 1467 1027 1540 Sponsi
1041 1468 1193 1526 coelestis.
1216 1468 1347 1526 Dextera

431 1556 540 1627 Sponsi
563 1570 675 1627 sponsa
697 1552 853 1626 complexa
869 1553 967 1625 capite
981 1552 1069 1610 laeva
1083 1551 1192 1609 dormit
1209 1552 1344 1608 subnixa:

430 1639 558 1712 pervigil
580 1637 670 1693 corde
693 1631 819 1710 corpore
841 1636 951 1693 dormit
978 1642 1010 1693 ct
1032 1637 1141 1709 Sponsi
1169 1641 1258 1711 gmto
1282 1638 1346 1696 siau

431 1725 565 1798 quiescit.
610 1722 789 1796 Approbans
824 1739 959 1778 somnum
990 1722 1124 1796 Sponsus
1161 1722 1269 1778 beatus
1306 1722 1347 1777 in·

431 1809 559 1882 quietari
574 1808 713 1881 prohibet
728 1807 825 1864 illum:
848 1824 887 1864 ne
904 1807 1078 1875 suscitetur,
1101 1808 1207 1882 inquit,
1224 1805 1344 1864 dilecta:

431 1893 501 1949 dnm
522 1894 589 1966 ipsa
611 1892 692 1949 volet
715 1889 848 1951 dormiat
864 1893 913 1948 ita.

299 1997 328 2055 7.
351 1997 407 2053 Ηιο
430 1995 627 2052 ecclesiastici
662 1994 719 2050 fios
748 1998 796 2050 est
816 1993 867 2051 ille
889 1994 1044 2068 germinis,
1074 1997 1136 2049 tarn
1157 1994 1235 2050 rosis
1250 2007 1346 2068 ‚qnam

430 2082 499 2138 liliis
515 2079 668 2153 multiplex
680 2080 851 2147 innumeris,
875 2095 1001 2153 quorum
1017 2083 1065 2135 est
1074 2078 1252 2153 lragrantiis
1274 2093 1346 2152 ager

431 2167 539 2240 Sponsi
561 2164 683 2231 nobilis,
716 2164 838 2220 nuribus
862 2170 892 2219 et
914 2164 1009 2221 oculis
1031 2151 1127 2237 acque
1150 2162 1346 2220 delectabilis

431 2251 562 2308 Omatae
585 2255 646 2306 tam
668 2250 792 2324 byssina
820 2266 910 2323 quum
939 2253 1027 2306 veste
1055 2265 1224 2324 purpurea,
1261 2247 1348 2306 laeva

429 2340 513 2392 tenet
534 2336 604 2422 lilia,
627 2352 713 2391 rosas
734 2333 849 2392 habent
870 2333 1002 2401 dextera
1026 2339 1057 2390 et
1078 2350 1190 2390 corona
1210 2347 1346 2407 gemmea

429 2420 583 2476 redimitae
607 2421 706 2492 capita
721 2420 801 2493 Agni
816 2420 879 2475 sine
894 2419 1013 2475 macula
1026 2422 1206 2493 percurrunt
1228 2419 1343 2475 itinera

299 2522 327 2580 8.
350 2522 405 2578 His
428 2502 550 2596 quoque
571 2520 694 2578 fioribus
717 2537 838 2594 semper-
849 2520 1022 2578 recentibus
1039 2521 1218 2578 Sanctorum
1233 2522 1347 2577 intexta

410 2607 521 2679 capiti
544 2611 614 2662 sunt
635 2611 724 2662 serta.
769 2606 823 2662 His
846 2607 951 2681 Agnus
973 2607 1120 2680 pascitur,
1151 2610 1188 2662 et
1208 2604 1259 2664 bis
1280 2606 1346 2662 red·

430 2693 521 2747 citur:
552 2691 694 2748 hillones
717 2691 815 2748 electu
835 2697 905 2748 sunt
924 2692 1004 2748 illius
1027 2708 1107 2748 esca
1151 2691 1230 2748 Hinc
1254 2690 1345 2748 choro

430 2777 533 2844 talium
555 2775 684 2831 vallatus
707 2777 857 2849 agminum
879 2776 1033 2832 hortorum
1054 2792 1181 2832 amoena
1205 2774 1346 2832 discurrit

428 2861 486 2918 hac
508 2861 586 2916 illac

299 2948 327 3005 9.
352 2945 408 3015 Qui
430 2963 490 3002 non
512 2944 746 3019 comprehensus
783 2944 822 3001 ab
849 2944 897 3001 his
924 2961 1002 3002 nnnc
1037 2945 1176 3019 clapsus,
1213 2944 1345 3022 quadam

431 3032 517 3106 quasi
539 3028 611 3105 iuga
633 3030 772 3104 petulans
795 3030 916 3089 exultat

282 3117 328 3175 10.
352 3114 481 3173 Crebros
504 3115 563 3171 salt
551 3119 599 3171 tus
623 3114 744 3170 dathio
767 3113 873 3189 Agnus
896 3115 1062 3171 interillos
1086 3114 1292 3183 discurrendo,
1305 3118 1346 3171 et

430 3210 496 3258 cum
518 3202 592 3274 ipsis
613 3202 806 3274 requiescit'
798 3218 829 3256 ιιι
850 3201 967 3256 fervore
989 3198 1161 3258 meridiano.

279 3286 381 3346 11.1n
405 3302 507 3343 earum
527 3290 651 3359 pectore
674 3284 791 3341 cubat
783 3303 815 3342 sn
836 3284 975 3352 meridie,
999 3286 1078 3342 inter
1107 3302 1252 3344 mammas
1281 3286 1345 3342 Vir·

428 3373 529 3469 ginlun
551 3370 702 3426 collocans
725 3368 901 3438 cubiculum

279 3456 325 3515 12.
347 3456 438 3531 Virgo
462 3449 582 3530 quippe
596 3472 663 3511 cum
685 3456 752 3511 sit
745 3472 811 3528 rpse
834 3454 1014 3529 virgineque
1037 3455 1101 3512 Mat
1089 3460 1134 3512 tre
1156 3459 1265 3523 natus,
1288 3431 1346 3513 vir·

428 3540 544 3616 ginales
568 3557 658 3613 super
681 3557 783 3595 omnes
806 3543 887 3595 amat
909 3544 939 3595 et
962 3540 1081 3613 quaerit
1102 3557 1259 3597 recessus:

278 3626 325 3685 18.
349 3627 475 3684 Somnus
511 3625 554 3682 illi
589 3623 756 3699 placidus
749 3642 779 3680 ιιι
802 3642 904 3682 earum
931 3624 1060 3691 sinibus,
1098 3623 1143 3681 Ne
1160 3641 1239 3699 qua
1268 3625 1345 3682 sorte

426 3709 544 3767 macula
565 3727 620 3766 sna
642 3707 744 3765 foedet
765 3710 885 3767 vellera.

278 3795 325 3853 14.
347 3795 412 3851 Hoc
436 3794 557 3853 attende
581 3796 729 3852 canticum
752 3794 929 3851 devotarum
943 3794 1098 3868 virginum
1118 3794 1236 3868 insigne
1253 3794 1345 3851 colle·

426 3882 522 3955 glum,
546 3898 605 3955 quo
628 3884 732 3937 nostra
755 3879 874 3937 devotio
889 3880 1002 3937 maiore
1017 3897 1051 3935 se
1073 3877 1172 3936 studio
1196 3879 1342 3953 templum

426 3971 512 4024 ornet
533 3967 667 4022 Domino.

357 4086 385 4144 2.
408 4084 541 4142 Iuncta
561 4084 695 4140 latere.
739 4082 791 4138 N.:
822 4083 980 4154 Manifesta
1009 4099 1042 4139 se
1057 4081 1161 4157 prodit
1181 4084 1273 4150 ulcus,
1298 4085 1345 4141 cut

274 4177 367 4226 tumen
403 4170 512 4227 mederi
539 4187 666 4243 prorsus
713 4185 831 4241 nequeo.
890 4167 968 4222 Num
1011 4165 1173 4241 legendum
1201 4167 1344 4225 lateri?

273 4252 481 4312 Ductriccm
511 4254 632 4327 scripsit
653 4253 687 4309 N.
711 4269 764 4325 pro
795 4251 935 4319 ducem,
966 4256 1061 4308 metro
1090 4252 1121 4307 id
1159 4251 1343 4324 postulante.

273 4337 300 4397 9.
325 4332 473 4396 Christo
497 4342 750 4395 consecratae.
794 4337 902 4393 Neale:
933 4338 1013 4393 Haec
1033 4338 1121 4393 verta
1143 4338 1231 4393 metri
1252 4354 1343 4393 causo

270 4425 371 4482 abesse
393 4424 510 4482 debent:
546 4430 578 4481 ct
595 4424 721 4500 qlossam
744 4425 870 4498 'sapiunt
897 4422 1107 4480 incusantes·
1133 4422 1230 4480 illam:
1266 4422 1343 4497 chs’
