3242 5134
512 691 541 749 7.
556 691 612 746 Illa
634 688 688 746 sed
709 689 888 763 repudiavit,

552 774 680 842 laudem,
705 773 762 831 deo
784 775 958 847 assignavit,

554 859 672 935 quaudo
699 861 825 933 supplex
854 859 1025 915 decantavit

555 950 715 1001 contexens
737 944 930 1019 Magnificat.x

554 1030 691 1085 Clemens
712 1031 797 1104 virgo
821 1034 912 1103 atque
935 1030 994 1101 pia,

556 1120 588 1170 tu
610 1115 764 1180 nestore,
788 1114 931 1180 oMaria‚
983 1144 990 1156 ·

554 1204 658 1273 partus
681 1215 809 1273 namque
831 1201 875 1254 tui
898 1199 968 1272 quia

556 1283 621 1340 sola
643 1301 713 1357 spes
736 1283 875 1341 vivificat.

350 1420 452 1475 none
475 1419 510 1475 rr.
533 1438 561 1491 p.
588 1421 654 1477 124.
700 1419 763 1485 (us.
786 1436 823 1475 zu
845 1417 975 1474 armona
1001 1417 1047 1475 15.
1069 1417 1174 1476 Janrn.
1198 1414 1242 1484 A.)
1268 1415 1316 1471 ne·
1355 1389 1359 1398 '

267 1506 360 1579 glexit
381 1505 414 1562 V.
438 1506 471 1559 D.
496 1507 674 1576 scripturam
696 1504 816 1560 Nealii
839 1505 920 1577 Seqt.
944 1521 972 1576 p.
999 1504 1067 1561 128.
1093 1504 1238 1559 eMissall
1257 1501 1315 1556 Pra-
1338 1558 1341 1561 .

266 1591 351 1663 gensi
377 1590 464 1645 1522.
486 1588 519 1643 P.
543 1617 586 1625 -
603 1591 628 1645 l.
654 1590 688 1644 A.
712 1590 789 1644 male
812 1590 964 1644 interserit
985 1590 1064 1643 inter
1085 1590 1211 1661 primum
1233 1592 1259 1643 et
1277 1601 1314 1639 se·

194 1683 198 1690 '
269 1674 396 1728 cundum
425 1674 606 1729 versiculum
634 1680 700 1729 tua
728 1676 1033 1729 intercessione.
1064 1672 1099 1728 Α.
1145 1674 1204 1727 Μο.
1234 1668 1313 1726 dulci

268 1760 349 1816 oris
395 1758 421 1815 2.
444 1757 477 1812 P.
500 1758 595 1831 quod
616 1764 733 1813 mater
754 1760 859 1832 petit.
904 1758 931 1815 3.
953 1758 989 1813 A.
1012 1760 1155 1832 veniret
1178 1754 1313 1831 quod-

268 1845 382 1898 omnis
413 1844 563 1916 gloriae.
614 1844 641 1899 4.
665 1843 697 1898 Ρ.
730 1836 849 1898 natum
881 1844 969 1898 sine.
1014 1842 1041 1899 5.
1069 1842 1105 1899 Α.
1135 1844 1238 1899 vivus
1264 1836 1312 1893 cel

268 1927 350 2001 quod
378 1928 436 1983 Μο.
467 1929 531 1982 iure
569 1926 650 1983 ducit
680 1929 827 1983 vitiosum.
870 1927 903 1981 P.
928 1927 1207 1999 circumplexat.
1247 1921 1313 1982 6.P·
1356 1939 1359 1999 ;

267 2014 452 2086 insignita.
483 2011 518 2069 A.
546 2012 645 2069 clam.
675 2014 802 2068 veteri.
834 2012 866 2066 P.
891 2015 992 2070 casti.
1037 2012 1065 2069 7.
1093 2011 1125 2069 P.
1157 2006 1315 2067 exoravit

268 2096 526 2157 deterens-A.
551 2103 880 2171 partus-namque
910 2099 964 2153 tis
993 2096 1058 2164 (cis)
1086 2114 1153 2152 nos
1182 2087 1315 2171 quia-1³5

206 2249 210 2258 ἱ
266 2188 396 2254 partus
419 2198 578 2256 namque
601 2188 691 2239 tuus
714 2201 782 2238 nos
815 2183 915 2256 quia.
960 2182 1020 2238 Μο.
1054 2198 1216 2255 namque
1244 2175 1335 2250 scis,¹

174 2265 177 2272 '
266 2284 333 2322 nos
358 2269 455 2342 quia.
492 2267 591 2341 Magis
606 2268 708 2341 placet
722 2268 819 2323 Nealii
836 2268 1008 2325 coniectura
1030 2270 1059 2323 in
1075 2270 1189 2322 textum
1204 2263 1321 2333 recepta·

351 2573 420 2663 5:338.
447 2593 688 2676 [Celetremua
710 2598 747 2661 in
768 2596 836 2663 hac
864 2597 929 2661 die.
973 2605 1007 2661 In
1033 2607 1277 2664 visitatione
1301 2589 1339 2647 B·

266 2692 300 2747 V.
344 2691 466 2746 Neale
490 2691 557 2765 Seq.
580 2709 608 2764 p.
635 2693 702 2747 121.
726 2709 741 2746 e
765 2692 883 2747 Missali
907 2685 1144 2762 Sarisburieusi.]

292 2845 317 2899 l.
334 2844 524 2899 Celebremus
547 2844 577 2898 in
599 2842 656 2897 hac
679 2841 726 2898 die
823 2845 851 2901 4.
867 2844 901 2899 ln
922 2845 1045 2900 introitu
1064 2844 1187 2910 Mariae,

331 2929 452 2984 Festum
475 2927 580 2983 domus
603 2927 782 2983 Zachariae
865 2929 987 2984 Plenam
1009 2933 1134 2984 matrem
1160 2916 1357 3002 prophetiae

351 3011 503 3069 Laudibus
526 3014 667 3080 laetitiae,
887 3015 1013 3087 Spiritus
1036 3013 1196 3069 illuminat:

214 3120 228 3147 v
331 3099 573 3171 Contemplemur
595 3097 634 3153 ibi
665 3102 798 3171 gestum:
866 3098 1040 3154 Consortata
1067 3100 1209 3171 genitum,

330 3183 370 3239 Ut
392 3183 428 3238 de
453 3188 539 3256 gesto
561 3184 614 3237 fiat
640 3184 759 3250 festum,
867 3183 1019 3239 Roborata
1045 3182 1194 3238 debitum

349 3268 413 3324 Iam
435 3267 539 3345 domus
562 3268 723 3325 Ecclesiae.
884 3268 965 3323 Felix
985 3286 1094 3341 parens
1118 3269 1267 3324 terminat

178 3434 181 3439 ’
288 3422 314 3478 2.
331 3422 444 3477 Thema
465 3422 522 3476 iam
551 3421 755 3488 solemnitatis,
822 3421 849 3478 5.
866 3422 946 3495 Ergo
969 3422 1037 3478 festi
1059 3421 1136 3476 hanc
1167 3406 1359 3478 aucerre-2¹¹·

329 3507 475 3579 Copiosae
505 3506 646 3572 caritatis,
709 3530 710 3533 ¹
863 3505 968 3561 Lauda
990 3495 1051 3561 Dei*
1068 3506 1265 3579 genetricem,
1297 3545 1300 3548 -

352 3591 453 3646 Gratia
475 3590 624 3646 recolitur.
887 3593 967 3664 Syon
991 3608 1027 3646 ex
1048 3590 1245 3664 praecordiis

330 3674 395 3743 Qua
416 3675 571 3753 Elizabeth
592 3674 690 3741 beata,
863 3675 1014 3749 Quidquid
1038 3675 1120 3731 dicas
1144 3675 1182 3732 de
1197 3660 1359 3749 benignss

330 3760 490 3816 Senectute
512 3758 701 3826 foecundata,
864 3762 963 3816 Minus
987 3766 1034 3816 est
1057 3778 1074 3815 a
1095 3760 1186 3817 laude
1210 3760 1326 3838 digna,

265 3916 268 3920 Ι
352 3845 529 3918 Suscepisse
553 3845 688 3901 sentitur.
886 3845 1001 3909 Debitis
1023 3846 1202 3919 praeconiis.

288 3999 315 4056 3.
332 3997 419 4053 Orbis
443 4002 524 4054 totus
548 3999 729 4071 gratuletur:
825 3997 853 4056 6.
870 4000 1021 4057 Visitatrix
1043 4000 1072 4053 in
1094 4000 1256 4066 montanis,

329 4077 405 4140 Toto
429 4083 518 4139 corde
542 4089 702 4139 veneretur
864 4085 1017 4140 visitatrix
1039 4085 1068 4138 in
1091 4084 1137 4139 his
1160 4085 1272 4157 planis,

348 4168 451 4224 Dulcis
473 4170 612 4225 visitati0.
889 4169 935 4224 Sis
958 4170 1060 4224 matris
1083 4169 1255 4224 Ecclesiae:

323 4252 799 4325 Compassivicordisbenignitas‚
865 4252 1015 4309 Medicina
1038 4252 1217 4319 Christiana,

323 4338 475 4395 Excessivi
499 4342 597 4395 status
620 4337 783 4405 humilitas,
871 4337 957 4406 Quod
979 4356 1038 4393 non
1053 4339 1134 4398 valet
1149 4340 1194 4393 vis
1209 4329 1359 4409 hunrafl

320 4498 324 4504 ι
352 4424 446 4482 Sacra
468 4422 642 4478 consolatio.
888 4422 954 4504 ¹Fiat
976 4421 1053 4478 dono
1076 4424 1202 4497 gratiae.
