3242 5134
298 550 323 608 1.
338 549 421 606 Haeo
443 548 546 621 regina
568 552 615 604 ter
635 549 724 605 beata
827 541 855 607 5.
871 548 973 624 (riguit
994 564 1030 605 ox
1052 551 1083 605 tc
1103 547 1338 615 Contentinnm,
1444 587 1464 612 .

337 634 544 691 Britannorum
566 635 645 706 regis
672 639 743 689 nata
869 627 1339 708 msgirmlliotumffldeprimum
1442 673 1464 697 ς

275 725 277 734 “
357 719 414 776 lnit
435 719 504 773 olim
526 720 628 784 unica;
891 721 956 774 iura
977 720 1168 785 matrimonia
1275 747 1280 756 ·

291 844 296 851 ,
337 805 435 861 estin
457 804 535 858 bello
558 804 742 871 interfectus,
871 803 1015 860 ludaismo
1038 805 1133 877 primo
1156 802 1240 872 data,

338 888 407 944 dum
429 890 459 944 in
482 906 549 944 oum
572 893 618 944 est
641 887 771 945 directus
872 893 942 964 post
963 889 992 944 in
1016 887 1134 945 Christo
1156 888 1321 962 baptizata,

357 971 509 1030 Romanus
532 975 688 1032 exercitus.
893 979 1022 1048 augusta
1045 975 1245 1032 sanctissima.

295 1094 322 1154 2.
337 1093 434 1152 Luctu
456 1110 563 1167 magno
591 1094 768 1149 lamentatus
827 1094 854 1152 6.
871 1095 954 1151 Novo
977 1092 1055 1150 dono
1077 1093 1132 1150 tibi
1153 1091 1248 1150 datur

336 1185 513 1253 paterinus
536 1185 708 1251 peramatus
866 1181 987 1236 inventa
1009 1196 1089 1246 crux,
1117 1177 1308 1252 deportatur,

326 1281 329 1287 ’
358 1265 522 1337 orphanam
543 1270 573 1319 te
596 1263 717 1331 deserit,
889 1265 980 1322 infers
1001 1264 1081 1320 hanc
1101 1264 1279 1322 Ierusalem.

337 1366 403 1406 eras
426 1351 511 1404 nimis
535 1350 681 1421 speciosa,
870 1349 896 1403 A
919 1355 949 1405 te
971 1353 1035 1405 tota
1056 1348 1207 1405 honorata
1237 1346 1241 1349 ’

335 1436 481 1490 universis
504 1436 646 1506 gratiosa,
871 1439 918 1490 est
939 1433 1095 1489 Almannia
1118 1432 1226 1490 dotata

299 1556 311 1573 0
357 1518 465 1574 nubilis
487 1519 670 1591 virguncula.
893 1524 1063 1575 sanctorum
1084 1518 1233 1593 reliquiis.

293 1638 321 1696 3.
336 1638 381 1694 Ne
405 1653 476 1694 sane
499 1638 733 1711 cognoscereris,
826 1638 854 1696 7.
871 1637 1015 1694 Columna
1036 1639 1065 1693 in
1089 1635 1232 1705 ecclesia,

334 1739 390 1779 nec
412 1724 500 1798 plane
530 1724 770 1795 corrumperetis,
872 1739 949 1798 quae
972 1715 1164 1798 septuaginta
1186 1721 1250 1778 duo

356 1810 433 1882 rapit
456 1812 486 1864 te
509 1806 701 1883 pedissequa,
891 1807 997 1865 fundas
1021 1808 1215 1875 monasteria,

335 1893 458 1950 abiectis
482 1910 514 1949 es
538 1893 662 1948 officinis
868 1896 961 1951 vitam
982 1891 1094 1949 ducens
1121 1891 1302 1960 virtuosam,

335 1978 454 2038 addicta
476 1978 630 2053 portandis
653 1979 738 2044 limis,
869 1994 996 2052 sponsae
1013 1978 1123 2036 Christi
1145 1977 1344 2044 fructuosam

357 2066 524 2138 amictuque
547 2064 662 2120 vilibus,
823 2055 829 2069 ⁴
889 2065 920 2120 in
941 2079 1017 2136 pace
1041 2061 1215 2122 dormieras,

292 2185 320 2241 4.
336 2184 398 2239 Rex
411 2184 567 2257 Augustus
584 2182 805 2248 Constantinus,
830 2184 857 2240 8.
883 2183 959 2239 Urbs
981 2181 1071 2238 beata
1092 2181 1262 2239 Treverina
1293 2188 1299 2192 “

334 2270 359 2324 is
383 2270 434 2341 qui
457 2268 626 2340 appellatur
647 2268 769 2340 primus
871 2273 962 2341 caput
983 2272 1067 2323 tuum
1090 2284 1158 2322 cum
1178 2266 1313 2324 Matthia

355 2353 409 2410 tibi
431 2354 512 2425 iungi
534 2351 637 2418 voluit,
891 2357 987 2420 tenet,
1012 2369 1101 2427 quern
1123 2351 1301 2410 adveneras.

334 2440 398 2495 eius
422 2455 495 2493 uxor
517 2437 599 2493 Costi
621 2440 725 2503 mater,
869 2437 894 2493 Ο
918 2454 1042 2494 amoena
1062 2437 1248 2510 philomena,

315 2524 386 2598 ·qui
409 2528 439 2579 et
460 2523 641 2578 Kathcrinac
663 2526 758 2595 pater,
868 2540 884 2578 o
907 2523 1040 2580 amabilis
1061 2518 1185 2589 Helena,

356 2610 458 2666 mortis
480 2609 578 2681 legem
601 2607 718 2662 tulerat.
888 2613 959 2665 vota
980 2612 1085 2673 nostra
1106 2608 1239 2681 suscipe.

446 2797 448 2802 Ι
528 2726 556 2783 9.
578 2726 714 2782 Matrona
736 2727 956 2796 cruciferorum,

574 2815 701 2885 patrona
725 2812 765 2866 sis
788 2830 865 2869 nunc
889 2811 1008 2870 illorum

595 2897 678 2970 pium
701 2894 781 2971 apud
803 2896 962 2964 dominum,

579 2988 670 3058 atque
694 2986 792 3038 tecum
816 2979 1006 3056 congaudere

573 3070 629 3135 fac,
654 3084 708 3123 nos
733 3066 821 3122 deum
843 3073 914 3123 tunc
937 3064 1039 3123 videre

596 3168 713 3226 semper
735 3157 766 3208 et
787 3155 817 3208 in
841 3152 1000 3209 saeculum.

357 3292 385 3351 5.
408 3291 475 3347 Non
498 3295 544 3347 est
567 3292 662 3346 otiosa
685 3306 741 3346 vor
763 3289 1004 3355 matrimonii,
1028 3290 1169 3363 quoniam
1191 3307 1253 3344 non
1267 3287 1339 3346 nulli

1404 1986 1464 2041 ,τι

1417 3274 1464 3333 il

271 3377 415 3434 Helenam
432 3370 618 3433 Constantini
641 3372 836 3430 concubinam
853 3374 954 3442 luisse,
972 3372 1196 3432 contenderunt.
1236 3373 1264 3432 6.
1285 3373 1341 3430 Le·
1407 3383 1464 3406 ‘²

271 3464 316 3537 git
335 3461 396 3518 Mo.
420 3479 549 3518 novum
573 3460 709 3516 donum.
755 3460 782 3519 8.
806 3459 904 3532 Caput
926 3453 1057 3516 Helenae
1079 3458 1222 3516 Treviros
1242 3464 1341 3520 trans-
1412 3470 1456 3483 ‘

271 3547 366 3605 latum
388 3551 435 3604 est
458 3564 483 3605 a.
506 3546 567 3635 849
591 3546 627 3626 cs.
651 3544 807 3635 Brower
829 3545 897 3603 Ant.
920 3543 1007 3602 Trev.
1030 3543 1079 3600 lib.
1102 3546 1129 3602 8.
1153 3562 1178 3602 c.
1200 3541 1276 3602 107.

358 3854 428 3913 589.
453 3842 568 3921 {Plebs
581 3842 696 3924 fidelia
710 3841 835 3907 iubilut
850 3841 942 3923 Quia
957 3841 1059 3907 cidus
1072 3841 1197 3906 rutilat
1212 3837 1340 3908 Novae

272 3931 453 3999 claritatis.
499 3938 542 3992 De
566 3937 595 3992 S.
619 3937 811 3993 Ludovico
834 3937 932 4009 Episc.
974 3936 1064 3991 Mone
1084 3933 1136 3991 ΠΙ.
1157 3945 1187 4008 p.
1210 3930 1304 4007 tm]-
1329 3941 1332 3948 ·

1428 3872 1464 3886 Q

333 4209 337 4258 ÷
363 4211 432 4269 590.
458 4196 710 4280 [Caucinumuc
730 4200 877 4286 pariter.
915 4208 959 4265 Dc
981 4208 1010 4267 8.
1034 4205 1203 4265 schaldem
1223 4209 1337 4265 arbes.
1439 4226 1460 4240 ⁶

274 4293 468 4371 lap-1201(
500 4293 679 4366 Scripsimns
692 4294 723 4350 in
737 4294 805 4358 Tin:
829 4292 947 4365 „Hodie
968 4295 1024 4351 nisi
1046 4293 1264 4364 falloriroinen
1286 4293 1339 4351 Sc·

1429 4293 1464 4308 Δ
