3242 5134
829 485 871 562 lo

319 678 415 751 prima
430 671 564 732 clausula
577 687 613 729 το
637 684 788 744 semper
809 686 869 724 non
891 667 991 746 semel·
1007 667 1167 734 omittatur,
1189 667 1294 724 ultima
1315 683 1389 725 vero

320 759 455 818 clausula
476 776 535 815 non
557 756 649 813 semel
670 756 789 830 penitus
819 752 976 821 exciderit,
1014 752 1085 809 mihi
1112 750 1295 827 persuadere
1324 770 1387 809 nnn

320 830 452 920 possum,
475 844 546 918 quin
567 844 597 899 in
619 841 761 898 honorem
784 838 836 896 SS.
855 838 1007 896 Trinitatis
1030 838 1135 896 tricolo
1158 854 1276 895 carmen
1299 854 1388 893 suum

319 931 451 1006 incipere
472 928 600 987 voluerit
620 917 712 1001 poeta
732 926 762 981 in
784 924 863 981 hunc
885 922 1017 982 modum:
1126 938 1129 943 ·

346 1063 517 1123 Benedicta
539 1066 577 1122 sit
599 1064 710 1121 Sancta
728 1062 871 1119 Trinitas:
892 1049 896 1138 Ι
917 1060 1012 1117 deitas
1035 1060 1150 1117 scilicet
1171 1060 1258 1132 unica
1277 1047 1281 1134 Ι
1302 1076 1351 1116 co-

440 1150 573 1225 aequalis
596 1148 691 1226 gloria

293 1285 296 1289 .
354 1236 452 1303 Pater,
474 1235 574 1303 Filius,
599 1233 726 1309 Spiritus
741 1232 868 1290 Sanctus
888 1218 892 1307 Ι
912 1232 969 1288 tria
983 1236 1051 1288 sunt
1066 1230 1191 1299 nomina,
1213 1225 1309 1288 omnia
1328 1218 1332 1305 Ι
1441 1300 1444 1310 Ι

365 1370 377 1385 .
439 1318 543 1377 eadem
566 1318 732 1377 substantia

353 1409 435 1466 Dens
458 1407 583 1482 genitor,
605 1403 687 1463 Deus
710 1404 829 1481 genitus
849 1392 853 1479 Ι
872 1403 903 1460 iu
924 1407 1052 1479 utroque
1075 1417 1160 1459 sacer
1182 1389 1334 1478 Spiritus!

217 1552 221 1559 ,
329 1553 332 1559 ,
440 1489 552 1548 deitate
575 1491 684 1548 socius.

319 1641 321 1646 ’
407 1628 482 1683 Tum
504 1643 575 1684 vero
598 1626 736 1699 aliquem,
759 1624 929 1698 theologiae
952 1640 1041 1698 quam
1063 1640 1191 1697 poeseos
1206 1625 1389 1699 peritiorem,

252 1725 257 1734 ’
322 1732 361 1772 ne
377 1712 592 1770 Sabellianismi
607 1712 771 1767 incurreret
787 1709 987 1782 suspicionem
1001 1713 1100 1783 poeta,
1122 1709 1286 1766 clausulam
1301 1726 1392 1786 quar-

323 1806 394 1867 tam,
416 1797 516 1855 verbis
539 1813 574 1852 er
597 1796 782 1852 consessione
799 1793 1003 1851 Athanasiana
1024 1810 1120 1868 paene
1140 1793 1314 1868 desumptis,
1338 1794 1393 1850 ad-

314 1882 451 1940 'didissez
483 1900 543 1956 quo
566 1881 655 1948 sacto,
678 1898 716 1935 ne
738 1896 861 1935 mancus
884 1884 1015 1936 exstaret
1037 1878 1218 1953 syllabarum
1239 1897 1392 1948 numerus,

323 1951 360 2023 td
383 1979 522 2039 semper
543 1966 602 2021 alia
623 1982 712 2021 manu
733 1966 762 2020 in¹
785 1966 867 2020 initio
890 1963 1023 2021 additum
1044 1965 1145 2022 fuisse.
1189 1964 1249 2021 Sed
1264 1970 1296 2021 tu
1311 1964 1391 2034 vide,

323 2052 375 2109 Vir
397 2050 585 2116 Doctissime,
608 2065 646 2104 an
668 2049 720 2105 tihi
742 2049 818 2105 haec
841 2049 1012 2105 coniectura
1034 2052 1107 2105 satis
1129 2050 1256 2122 placeat.

408 2168 482 2224 Mihi
505 2173 604 2224 autem
626 2166 756 2235 videtur,
787 2185 846 2223 non
868 2167 955 2223 aliam
976 2168 1076 2242 legem
1104 2166 1141 2225 dc
1169 2169 1393 2226 intercisionum

323 2267 455 2311 numero,
469 2258 500 2308 et
522 2252 596 2308 locis
619 2254 711 2308 statui
732 2270 841 2325 posse,
871 2269 961 2327 quam
981 2253 1091 2320 hasce,
1120 2269 1194 2327 quas
1216 2253 1393 2313 brevissime

324 2354 505 2414 percurram.
547 2337 601 2394 Vir
624 2337 716 2403 enim,
739 2336 787 2392 rel
809 2353 847 2392 ne
869 2339 916 2393 vix
940 2337 1059 2412 quidem
1080 2338 1138 2393 hac
1162 2337 1199 2395 de
1220 2356 1255 2396 re
1277 2337 1393 2414 aliquid
1436 2326 1445 2345 ‘

325 2425 400 2482 certi
423 2440 439 2479 e
461 2422 539 2477 notis
561 2422 682 2479 musicis
705 2420 830 2495 adipisci
851 2438 1025 2494 possumus:
1057 2421 1181 2480 ducibus
1204 2440 1285 2492 sane,
1308 2424 1393 2499 quod

324 2525 431 2567 versus
459 2507 580 2575 attinet,
618 2507 744 2563 eximiis:
782 2504 865 2580 quod
885 2507 1109 2574 intercisiones,
1146 2508 1309 2581 inutilibus.
1353 2510 1394 2567 Et

325 2594 419 2668 primo
443 2590 563 2666 quidem
583 2608 689 2666 parum
709 2592 845 2658 interest,
868 2595 966 2647 utrum
988 2593 1145 2666 pauciores
1161 2608 1199 2650 an
1213 2594 1315 2667 plures
1339 2611 1393 2652 cas

325 2678 478 2745 iaciamus,
500 2674 659 2737 dummodo
675 2679 766 2743 recte,
788 2675 839 2732 ubi
855 2674 1020 2745 dividimus,
1044 2675 1224 2745 dividamus;
1254 2695 1279 2735 e.
1295 2698 1323 2753 g.
1341 2682 1395 2754 qui

245 2792 249 2798 ·
324 2764 368 2816 ita
388 2762 491 2832 legere
513 2762 587 2827 vult,
609 2777 656 2817 me
680 2764 761 2817 certe
777 2758 935 2826 admodum
950 2768 1167 2836 repugnantem
1181 2781 1239 2819 non
1254 2762 1392 2821 habebit:
1412 2819 1415 2827 ,

388 2875 488 2932 Illuxit
510 2872 585 2931 dies
923 2876 1021 2934 Primo
1042 2878 1165 2948 Mariae,
1277 2902 1287 2913 ··

416 2978 521 3035 quam
542 2960 614 3017 fecit
634 2960 787 3029 Dominus,
965 2961 1072 3021 dehinc
1094 2966 1239 3039 apostolis

430 3050 556 3102 mortem
579 3042 750 3113 devastans,
826 3063 837 3081 ·
965 3046 1074 3105 docent
1096 3052 1259 3125 scripturas

431 3135 462 3187 et
483 3131 580 3188 victor
603 3131 664 3187 suis
964 3150 1015 3190 cor
1037 3137 1174 3209 aperiens

430 3230 579 3291 apparens
963 3222 997 3273 ut
1019 3217 1121 3276 clausa

431 3297 623 3358 dilectoribus
645 3300 739 3358 vivus.
808 3375 810 3379 Ι
855 3376 876 3410 Ι,
963 3300 1000 3359 de
1022 3304 1088 3378 ipso
1111 3310 1289 3363 reserarent.
1343 3379 1377 3386 Ἀ

325 3414 520 3492 Quamquam,
543 3424 578 3475 ut
591 3418 662 3474 mihi
677 3418 804 3487 videtur,
828 3421 1051 3479 convenientius
1066 3424 1109 3480 ita
1124 3422 1259 3483 distribui
1273 3429 1393 3500 potest:
1451 3415 1453 3420 ¹

475 3536 575 3593 Illuxit
597 3535 660 3594 dies
683 3555 772 3611 quam
793 3539 866 3596 fecit
887 3539 1038 3611 Dominus,

526 3626 652 3678 mortem
674 3621 834 3681 devastans

528 3712 559 3763 et
579 3708 675 3765 victor
698 3710 759 3765 suis
782 3725 930 3784 apparens
954 3710 1145 3772 dilectoribus
1167 3715 1261 3773 v'ivusss
1371 3708 1372 3711 ’

477 3823 577 3883 Primo
597 3826 720 3896 Mariae,
744 3826 850 3886 dehinc
872 3832 1026 3905 apostolis,

526 3911 636 3969 docens
660 3915 832 3988 scripturas,

525 4003 559 4055 ut
581 3999 684 4056 clausa
706 3997 743 4056 de
765 4002 831 4075 ipso
853 4006 1031 4058 reserarent.

407 4112 506 4172 Prima
527 4117 629 4204 ltaque
653 4118 692 4175 sit
712 4120 833 4196 regula;
849 4120 1064 4189 intercisiones,
1089 4137 1143 4179 seu
1164 4140 1224 4182 una
1245 4125 1308 4184 sive
1322 4126 1391 4204 plu·

322 4215 371 4256 res
395 4202 469 4269 sint,
487 4218 592 4260 sensus
616 4203 770 4279 emphasin
792 4207 878 4280 sequi
901 4205 1052 4263 deberent.
1083 4208 1115 4264 Ε.
1138 4227 1182 4285 g.:

318 4355 326 4359 -
347 4299 510 4389 ¹Quicoeli
524 4322 575 4396 qui
587 4327 684 4379 terrae
692 4324 771 4399 regit
779 4330 900 4399 sceptra
942 4327 1047 4384 inferni
1068 4328 1132 4385 iure
1156 4327 1266 4388 domito

365 4402 422 4476 Qui
444 4422 512 4465 sese
533 4424 589 4482 pro
611 4406 697 4466 nobis
718 4407 898 4470 redimendis
941 4428 1136 4490 permagnum
1152 4414 1235 4475 dedit
1250 4419 1388 4493 pretium.
1429 4461 1432 4466 -
