3242 5134
318 661 346 720 0.
362 662 536 735 Imperatrir
558 677 762 733 supernorum,
891 659 991 717 Meter
1006 660 1110 717 -tona-
1122 667 1213 735 quam
1234 677 1458 735 regmina

360 746 532 819 Superatrix
553 746 742 813 infernorum,
866 775 870 790 ·
892 744 985 802 Nobis
1006 742 1086 801 doira
1108 744 1192 819 quod
1214 749 1362 819 optamus.

359 828 503 903 Eligenda
524 830 573 886 via
594 829 679 895 coeli,
892 828 956 885 Nee
978 830 1024 885 sle
1045 843 1171 901 spernas
1197 836 1458 901 peccatores

359 912 526 971 Retinenda
547 931 601 987 spe
622 912 713 979 fideli,
890 912 931 970 -Ut
952 931 1012 970 non
1034 929 1140 970 cernae
1161 919 1372 988 precatores:

359 1000 520 1072 Separatos
543 1003 612 1053 ate
635 998 734 1070 longe,
891 997 973 1055 Reos
995 998 1052 1054 sibi
1074 996 1257 1066 diffidentes,

357 1083 525 1160 Revocatos
546 1100 565 1139 a
585 1089 616 1138 te
638 1084 727 1156 iunge
888 1081 970 1139 Tuos
992 1082 1046 1139 tibi
1067 1081 1265 1151 confidentes,

401 1166 530 1224 Tuorum
554 1168 695 1241 collegio:
934 1165 1000 1223 Tuo
1022 1168 1097 1224 siste
1117 1166 1200 1235 Filio.

403 1287 429 1343 1.
453 1285 552 1342 Corda
571 1286 601 1341 in
622 1286 700 1341 festo
722 1285 877 1341 Lumin'um
900 1283 1039 1355 (licuntur
1059 1285 1216 1343 luminosa
1262 1285 1291 1344 6.
1314 1282 1449 1342 Red

316 1375 507 1430 tractans.
552 1371 579 1429 a.
601 1369 675 1429 Red.
696 1371 842 1444 allegio
863 1398 906 1407 —
928 1386 1034 1426 cernas
1055 1375 1308 1446 peecatorea

401 1641 472 1699 479.
498 1629 610 1711 [Alma
631 1632 728 1716 virqa
755 1628 937 1698 Christum
957 1591 1101 1715 rep-em.¹
1126 1640 1161 1696 In
1182 1597 1341 1697 Purilie
1359 1652 1395 1691 a
1409 1654 1431 1667 ·

315 1726 423 1782 tione
444 1726 477 1781 B.
501 1726 534 1783 V.
577 1721 670 1783 Neale
694 1726 777 1800 Seqt.
799 1745 828 1800 p.
855 1724 914 1783 110
936 1743 953 1782 e
975 1724 1091 1782 Missali
1113 1725 1209 1783 veteri
1229 1708 1425 1781 Romano-l

319 1861 345 1919 l.
362 1861 450 1918 Alma
469 1861 554 1936 virgo
576 1859 726 1918 Christum
747 1879 850 1935 regem
872 1859 901 1920 2.
917 1861 1012 1918 Verus
1033 1858 1124 1916 hodie
1144 1857 1209 1916 Rex
1225 1859 1334 1930 Salem,
1424 1895 1429 1900 -

338 1948 451 2022 'Enixa
473 1945 636 2003 seeundum
657 1947 765 2020 legem,
892 1945 926 2006 In
949 1945 1060 2018 templo
1082 1944 1272 2002 Hierusalem

400 2031 527 2106 Purgari
549 2049 607 2087 non
628 2032 742 2098 renuit3
936 2029 963 2088 Α
985 2033 1109 2103 parente
1131 2029 1256 2096 sistitur,

357 2116 424 2174 Non
445 2119 570 2174 astricta
590 2122 678 2189 paret
698 2116 769 2190 legi,
890 2114 950 2170 Par
971 2119 1121 2171 turturum
1140 2116 1211 2173 sive
1228 2113 1296 2172 bini·
1326 2107 1330 2114 ’
1406 2109 1411 2118 ’

231 2203 236 2208 ’
363 2200 544 2260 circumciso
568 2202 687 2257 Christo
709 2200 794 2274 Regi,
894 2199 973 2256 Pulli
994 2216 1049 2273 pro
1070 2216 1130 2274 quo
1153 2198 1315 2256 eolumbini

402 2284 586 2342 conformari
607 2286 711 2343 voluit.
937 2284 1007 2341 Dati
1029 2288 1098 2341 sunt
1118 2288 1154 2340 ut
1165 2283 1295 2359 legitur.

542 2404 571 2463 3.
588 2402 684 2460 Senex
706 2418 808 2460 verum
828 2401 940 2479 'videns
966 2403 1075 2471 lumen,
1177 2435 1184 2442 ,

585 2487 765 2560 susceptum
785 2488 816 2544 in
839 2488 916 2543 ulnis
935 2487 1061 2555 Numen,

626 2570 813 2629 Benedicens
835 2572 955 2641 iubilat;

584 2654 699 2714 Devote
720 2656 877 2730 psallentis
902 2658 939 2724 ei,
1036 2666 1039 2672 ’

585 2739 689 2798 Salvet
700 2740 840 2797 salutare
862 2742 926 2808 Dei,

625 2825 713 2895 Quod
734 2824 845 2900 ubique
867 2826 992 2902 rutilat.⁴

744 2989 948 2999 --..---·..--.

399 3099 470 3158 480.
505 3088 718 3169 [locandare
737 3085 838 3175 plebs
858 3088 989 3172 (idelis,
1013 3086 1234 3154 iocundam
1253 3071 1326 3157 terr
1345 3081 1439 3156 ist

316 3174 431 3241 coelis.
475 3184 519 3240 De
543 3183 572 3239 S.
596 3182 740 3239 Blasio.
783 3183 874 3239 Mona
895 3182 945 3240 Ill.
967 3200 996 3255 p.
1020 3182 1090 3241 237.
1126 3180 1206 3248 (Aue
1229 3177 1441 3258 geeehriss‘

313 3267 410 3325 benen
433 3268 579 3324 Zusitzen
603 3284 639 3322 zu
662 3268 747 3323 einen
769 3267 931 3324 Messbueh
954 3266 1008 3323 des
1034 3268 1081 3325 15.
1096 3266 1201 3323 Jahrb.
1221 3283 1260 3325 ru
1280 3264 1440 3327 Karlfl‘

311 3346 423 3423 tube-i]

316 3471 342 3529 1.
356 3470 519 3528 Ioeundare
540 3470 627 3545 plebs
649 3469 756 3539 fidelis,
849 3470 877 3529 3.
894 3468 1083 3541 Quadratum
1104 3468 1209 3528 fundat
1230 3475 1349 3548 peetus,

354 3554 532 3611 iocundatur
553 3558 611 3611 iam
632 3557 662 3625 in
685 3557 777 3612 coelis
931 3573 968 3612 ne
990 3555 1127 3611 labescat
1147 3556 1275 3630 uspiam,

399 3637 510 3696 Christi
531 3645 646 3713 martyr
667 3641 794 3707 Blasius,
889 3642 956 3715 pius
978 3637 1109 3714 prudens
1132 3641 1218 3697 fortis
1239 3647 1353 3717 rectus,

930 3725 992 3781 suis
1015 3724 1067 3781 dat
1090 3727 1298 3785 constantiam.

313 3754 344 3815 2.
359 3755 463 3813 Cultor
484 3774 572 3814 verus
594 3775 684 3815 verae
706 3759 794 3833 legis,

256 3871 261 3882 ·
354 3842 437 3915 pacis
459 3859 571 3910 norma,
595 3845 689 3900 forma
711 3845 821 3918 gregis,
887 3845 927 3902 Ut
948 3842 1078 3918 providit
1100 3860 1173 3918 ergo
1197 3842 1290 3902 deus.

355 3928 390 3983 fit
411 3925 526 3982 athleta
546 3930 651 3984 summi
673 3923 753 4003 regis
931 3920 1021 3986 solita
1043 3930 1210 3997 elementia,

397 4010 519 4085 signifer
541 4014 690 4086 egregius.
886 4015 920 4070 fit
942 4015 1069 4071 antistes
1093 4012 1267 4082 sebastena,

353 4128 520 4186 Medicinae
541 4147 601 4186 non
622 4131 758 4203 ignarum
928 4100 1005 4154 Omni
1026 4098 1135 4172 Pl⁰m¹⁸
1157 4100 1265 4172 mm·
1380 4119 1391 4129 ⁴

352 4213 464 4290 dogma
486 4214 575 4270 docet
596 4216 691 4287 magis
715 4214 827 4271 clarum
843 4215 870 4272 l„
886 4214 994 4272 Tertor
1016 4218 1251 4290 rapax-quaerit
1266 4231 1349 4286 eun,
1376 4213 1380 4220 ’

277 4358 279 4362 ,
353 4306 440 4374 pater
462 4293 546 4366 deus,
568 4299 730 4355 animarum
798 4369 801 4374 .
886 4304 921 4356 at
940 4316 1053 4373 negare
1075 4305 1166 4374 cogat
1185 4300 1340 4370 dem-z·

396 4400 499 4443 curam
519 4380 594 4440 dens
617 4377 748 4441 uberius.
882 4383 931 4440 vel
953 4383 1084 4451 trucidet
1105 4386 1197 4459 quasi
1214 4395 1308 4446 reum.
1375 4456 1381 4467 ⁴
