3242 5134
340 619 397 678 'Ex
419 618 469 676 illo
492 623 626 691 tempore
654 615 876 690 sequentiarum
905 611 936 666 iu
963 608 1099 666 Ecclesia
1128 607 1225 666 crevit
1254 623 1341 674 usus,

271 725 330 765 nou
352 712 452 762 tamen
467 704 531 760 sine
553 719 635 757 mora
650 699 779 775 quadam
795 704 826 755 et
840 695 1072 772 oppugnatione.
1110 693 1140 752 S.
1157 690 1258 760 odilo,
1275 708 1341 768 sae·

272 792 339 850 culo
362 790 422 855 xl„
446 790 493 847 vix
509 788 635 844 obtinuit
655 793 689 841 ut
711 783 791 858 apud
807 784 1019 840 cluniacenses
1043 796 1114 836 suos
1129 793 1189 834 una
1212 793 1342 854 sequeu-

272 879 322 942 tia,
347 876 521 949 Spiritus
545 872 712 928 Sanctus
735 869 849 925 nobis
873 866 983 923 adsit
1006 865 1148 940 gratia,
1171 866 1340 920 caueretur.

273 962 326 1034 „In
349 961 478 1035 antiquis
500 958 582 1015 libris
609 949 787 1022 Romanis,“
816 954 911 1028 inquit
939 950 1114 1024 Radulphus
1143 947 1342 1022 Tungrensis‚

273 1047 408 1122 „aliquas
431 1043 491 1102 vidi
514 1043 704 1118 sequentias:
732 1033 816 1095 multi
839 1044 938 1094 autem
960 1035 1068 1092 multas
1097 1032 1341 1090 introduxerunt:

273 1134 400 1207 quisque
423 1128 536 1204 gaudet
559 1129 620 1184 suis
636 1117 847 1183 noi·itatibus.“
885 1121 974 1196 Apud
990 1120 1187 1186 Germaniam,
1203 1117 1342 1186 Galliam,

243 1225 247 1231 '
272 1216 423 1291 stapham,
448 1212 673 1271 scandinaviam
693 1214 846 1267 innumera
861 1224 940 1281 pene
963 1207 1057 1262 crevit
1076 1202 1251 1282 multitudo:
1272 1200 1343 1260 Itali

272 1319 352 1368 vero,
375 1307 409 1356 ut
432 1305 462 1355 et
483 1300 645 1372 Hispaniae
668 1291 825 1370 utriusque
848 1294 988 1374 ecclesia,
1012 1307 1080 1347 sese
1104 1305 1221 1363 semper
1238 1286 1344 1344 durio·

272 1404 321 1443 res
345 1402 418 1460 erga
440 1385 533 1440 hasce
556 1400 663 1456 prosas
679 1382 889 1455 probaverunt.
927 1377 998 1451 Ipse
1018 1376 1088 1431 dum
1102 1374 1278 1448 Hispaniam
1297 1371 1344 1430 lu·

275 1471 415 1537 strabam,
440 1469 667 1543 diligentissima
687 1466 823 1522 Missalia
845 1464 1009 1521 vetustiora
1039 1463 1247 1533 perscrutatus
1276 1474 1344 1516 sum

240 1565 242 1567 ’
274 1573 354 1623 cura,
377 1553 584 1611 Brachareuse
608 1571 660 1619 sc.‚
683 1551 892 1615 Pallantinum‚
909 1548 1231 1620 Caesarauguscanum,
1255 1542 1344 1600 Tole-

274 1647 384 1708 tanum‚
408 1640 592 1696 Emeritense
616 1643 682 1705 eto,
707 1652 864 1710 unamque,
887 1650 942 1689 nec
965 1632 1076 1705 plures,
1099 1630 1198 1688 iuveni
1213 1645 1343 1704 sequeu-

274 1729 354 1794 tiam,
378 1742 455 1800 quac
479 1742 514 1779 ex
528 1724 672 1796 Hispania
694 1723 838 1795 originem
853 1720 978 1775 traxisse
994 1716 1064 1773 mihi
1075 1707 1229 1772 'visaestz
1254 1711 1345 1772 Gau·

274 1812 360 1867 dete
383 1828 451 1866 vos
474 1809 636 1873 fideles,
654 1823 742 1881 quam
759 1804 961 1861 excutiendam
977 1802 1077 1858 curavi
1093 1799 1343 1873 (Ecclesiologist.

275 1893 324 1949 XI.
348 1893 430 1959 282).
475 1896 584 1949 Verum
607 1897 705 1948 tamen
736 1897 797 1958 est,
828 1890 994 1944 Ecclesiam
1014 1887 1203 1953 Lusitanam,
1234 1883 1345 1942 iudea

274 1977 430 2050 Philippae
443 1978 679 2047 ‚Lancastrensis
703 1974 886 2047 temporibus
910 1972 999 2038 (circa
1021 1988 1087 2026 ann.
1116 1967 1217 2035 1390.)
1239 1972 1344 2026 nostro

276 2062 488 2118 Sarisburiensi
511 2061 623 2115 missali
645 2076 730 2115 usam
751 2060 853 2113 fuisse.
897 2057 938 2112 Aa
960 2073 995 2111 eo
1018 2073 1075 2110 usu
1098 2056 1270 2128 antiquato,
1293 2069 1345 2110 an·

277 2149 413 2220 liquatae
437 2148 526 2201 etiam
537 2149 605 2200 sunt
617 2145 792 2216 plerumque
816 2142 999 2216 sequentiae.
1043 2138 1087 2196 De
1109 2138 1156 2195 his
1177 2138 1268 2195 rebus
1292 2156 1345 2212 op·

276 2232 355 2297 time,
379 2234 413 2285 ut
435 2229 521 2294 solet,
544 2229 691 2282 Martinus
715 2226 888 2293 Gerbertus‚
912 2227 959 2281 De
990 2228 1106 2280 cantu
1128 2228 1166 2280 et
1194 2222 1346 2280 musica

277 2331 404 2382 sacra,
428 2318 497 2368 tom.
521 2312 543 2367 I.
566 2330 595 2384 p.
619 2312 690 2369 410.

360 2416 398 2472 Et
420 2415 513 2487 primo
538 2412 658 2488 quidem
680 2418 823 2485 tanquam
845 2410 883 2465 ad
905 2411 1016 2466 fontem
1044 2415 1074 2466 et
1102 2410 1248 2484 originem
1268 2409 1346 2468 rete·

276 2608 430 2665 obtulissem,
448 2607 492 2657 ille
508 2607 594 2658 studio
612 2620 669 2657 meo
688 2606 910 2671 eonaralululasl)
924 2604 1089 2673 imperitique
1099 2617 1258 2674 compascua,
1278 2617 1347 2672 quae

270 2677 438 2743 placuerunt,
457 2675 580 2734 laudauit,
599 2676 763 2739 quueuulem
781 2674 871 2733 minuc,
891 2673 1030 2724 emendare
1042 2672 1152 2733 curauit,
1167 2671 1267 2724 dicare:
1284 2669 1345 2724 Sira-

275 2744 365 2805 aulill)
382 2741 874 2806 moluscuulilenuesinpulassyllabas
888 2739 1133 2801 animalculorum
1168 2736 1245 2801 Quod
1260 2741 1346 2808 epau)

276 2808 384 2857 audiens
403 2821 434 2855 ea
453 2807 566 2872 quidem,
590 2821 657 2872 qaue
674 2808 699 2857 r'n
722 2808 774 2868 (1¹³)
791 2807 925 2858 veniebant
943 2807 979 2858 ud
996 2806 1118 2871 liquidum
1137 2808 1258 2868 correxi,
1277 2821 1346 2874 quae

275 2888 337 2924 acro
354 2875 380 2924 ln
398 2874 422 2924 le
439 2875 480 2924 vel
495 2874 558 2934 lull)
577 2875 652 2939 quasi
669 2874 836 2940 impossibilia
853 2876 895 2926 uel
910 2875 1075 2937 allatorem
1100 2873 1217 2939 ncqlemi,
1242 2889 1301 2928 curn
1319 2877 1346 2926 cl

274 2941 340 2992 illud
350 2945 447 3007 postea
465 2942 718 3005 mauronianus
737 2941 963 3007 deprehenderim,
983 2943 1011 2991 ul
1029 2943 1108 2991 lcsles
1126 2944 1197 2992 sunl:
1215 2939 1344 2994 dominae

274 3010 300 3059 in
317 3007 388 3059 Sina.
411 3006 445 3058 m
463 3011 591 3070 malerll)
613 3008 720 3074 Hocque
737 3009 813 3061 mado
829 3009 1133 3074 instructus18)secunaa
1150 3022 1214 3062 macc
1230 3011 1289 3061 eice
1305 3010 1343 3062 dr'-

276 3078 356 3127 elum':
372 3075 474 3126 Psallal
493 3076 604 3127 eeclesia
626 3081 713 3127 mater
734 3077 842 3129 illibata.
878 3076 948 3140 Quos
970 3078 1113 3128 uersiculos
1135 3091 1192 3128 eum
1215 3081 1344 3144 muplslro

275 3158 331 3195 meo
349 3142 476 3196 Marcello
488 3148 705 3211 praecurrerem,
728 3146 771 3196 illc
794 3145 927 3211 pendium)
950 3146 1065 3210 repletus
1086 3145 1112 3195 in
1135 3145 1273 3210 rotulam
1298 3160 1344 3197 eos

275 3212 405 3277 conpescit
422 3214 448 3262 el
458 3213 554 3277 pueris
572 3213 715 3263 cnrclundos
733 3212 791 3262 aliis
809 3213 874 3263 alios
884 3212 1026 3263 insinuavit.
1057 3209 1169 3278 Cumque
1179 3211 1242 3263 milri
1259 3213 1341 3264 dixis·

275 3283 316 3329 sel
334 3283 362 3329 ul
379 3280 404 3328 ln
422 3279 531 3329 libellum
546 3283 695 3346 compactos
709 3280 788 3330 alicui
799 3281 946 3345 primorum
956 3280 1016 3330 illas
1029 3293 1200 3345 premanere
1209 3279 1343 3348 afferrent,

275 3360 323 3412 epa
335 3346 441 3411 pudere
458 3350 593 3397 retractus
610 3362 742 3413 nunquam
763 3346 851 3399 adduc
869 3349 961 3413 copd')
978 3350 1110 3414 poteram.
1147 3346 1237 3415 Nuper
1254 3350 1342 3400 aulem

275 3428 293 3464 a
307 3413 400 3478 fram-e
417 3427 474 3463 mea
495 3411 657 3475 clamoren)
676 3418 793 3480 repulus,
811 3419 841 3465 ut
858 3415 958 3481 aliquid
980 3416 1006 3466 r‘u
1024 3416 1101 3483 laude
1119 3417 1208 3467 uestra
1225 3416 1341 3468 conscri-

276 3480 338 3531 bere
355 3493 479 3530 curarem
497 3484 522 3529 el
540 3495 587 3546 eqo
605 3496 646 3531 me
664 3484 700 3532 ad
715 3482 765 3534 loe
783 3498 849 3549 opus
865 3484 992 3549 imparem
1017 3498 1068 3535 nan
1089 3483 1217 3535 immerito
1239 3484 1341 3535 iudicu-

275 3563 338 3607 rem,
355 3548 402 3597 aia:
419 3548 521 3598 landem
539 3550 678 3613 aliquando
696 3552 864 3615 aeprequcss)
881 3551 918 3601 ad
933 3550 983 3602 doe
1001 3553 1130 3602 animatus
1146 3565 1210 3611 cum,
1228 3554 1258 3602 ul
1274 3550 1343 3602 trans

275 3616 403 3666 maalmam
421 3616 620 3681 vilissimumque
637 3617 787 3668 codicellum
806 3621 910 3669 uestrae
928 3619 1071 3669 eelsitudini
1089 3631 1247 3669 consecrare
1256 3633 1341 3686 pm·
1382 3630 1385 3636 ’

275 3698 411 3734 sumerem.
439 3681 558 3746 Quone)
575 3685 599 3734 si
615 3685 641 3734 in
659 3698 690 3735 ca
729 3686 947 3736 laeilumueslrue
959 3686 1056 3752 pietali
1070 3700 1231 3754 comperero,
1248 3690 1279 3738 al
1289 3687 1342 3755 ipsi

274 3752 358 3816 frulm'
375 3765 432 3801 mea
450 3752 523 3817 apud
537 3750 672 3804 Dominum
706 3757 881 3819 mperolarem
895 3754 953 3804 sitis
971 3754 1135 3814 adminiculo,
1155 3755 1207 3805 lam
1221 3755 1293 3820 cuod
1308 3753 1341 3806 dc

275 3819 327 3869 aila
345 3817 393 3868 Sti.
413 3817 481 3869 Gadli
499 3820 638 3869 elaborare
649 3821 826 3885 pertinaciter
843 3822 943 3881 insisto,
961 3823 1077 3887 peremnis
1102 3822 1167 3873 illud
1180 3821 1268 3887 fratri
1283 3835 1340 3874 mec

275 3883 408 3938 Salomoni
419 3886 498 3951 prius
509 3888 644 3953 pollicitus
659 3888 765 3953 luerim,
783 3889 1063 3941 uoblsexominundum
1081 3888 1224 3941 labendum
1241 3889 1342 3957 ipsique
1370 3923 1397 3948 -,

269 3968 323 4020 per
340 3968 385 4004 uos
404 3954 597 4018 explanandam
616 3955 731 4021 diripere
746 3956 884 4021 festinabo.

274 4106 345 4197 pdpc
363 4106 544 4197 malesualsor
561 4106 664 4191 lcgpncur
684 4108 705 4150 in
726 4107 774 4166 ipsa
793 4108 833 4151 hac
853 4108 972 4191 Soqcpcnlia
991 4108 1098 4169 Laudes
1117 4108 1171 4151 Dao
1192 4109 1338 4158 concinat.
1381 4113 1386 4124 ·

275 4156 1339 4302 rincrannum·sparum.aprisianensis

275 4315 296 4350 a
309 4309 354 4362 co.)
384 4308 454 4395 spa.
470 4310 640 4353 instructas.
669 4309 695 4359 a)
710 4260 859 4362 hillidii)
870 4260 936 4355 llil.
958 4262 1179 4355 Γὲῗῗιῗιὶοῃιῗίἑῦιΐ
1190 4261 1337 4367 apppopor:

424 4361 659 4412 illilkothario.
687 4360 940 4417 ²³)M.coquoquc.
967 4311 1128 4417 Nikama.
1274 4344 1281 4357 ⁹

274 4259 312 4301 lu.
342 4258 368 4310 ts)
383 4259 407 4300 P.
422 4266 620 4313 attemperare.
649 4259 676 4311 ¹6)

275 4360 377 4412 uitare.
