3242 5134
255 669 343 728 Salve
365 676 453 743 pater
474 670 651 744 Augustino,
785 665 832 723 Tu
855 664 947 722 decus
969 667 1187 743 theologorum,

255 772 306 812 vas
331 755 467 823 electum,
491 772 544 811 vas
567 754 683 812 divinae
787 758 820 809 tu
841 750 942 807 mundi
964 752 1209 828 philosophorum

263 901 269 910 ,
296 858 391 917 capax
414 842 591 915 sapientiae;
823 853 953 916 superas
977 839 1137 895 scientiam.

256 942 308 992 ⁷⁹¹⁸
331 926 461 982 infusum
482 941 562 1023 vena,
580 926 683 1022 Vitae&
748 955 775 1013 3.
786 954 871 1011 Nunc
894 955 923 1010 in
946 972 1014 1013 arce
1038 957 1156 1032 fulgens
1178 960 1240 1032 poli

255 1028 309 1067 vas
331 1009 513 1086 profundens
536 1028 635 1068 v1num
657 1015 745 1073 vrtae,
789 1044 870 1113 pete,
893 1046 987 1112 pater,
1010 1048 1079 1098 tuae
1101 1046 1176 1117 proli

297 1113 352 1152 vas
375 1096 515 1152 coelestis
536 1096 659 1170 gratiae·
830 1125 945 1199 gratiae
969 1126 1148 1191 subsidium;

255 1212 345 1272 Salve
375 1213 425 1271 lux
447 1220 478 1271 et
499 1214 558 1270 dux
580 1215 742 1279 doctorum,
788 1214 820 1265 tu
842 1210 872 1264 in
894 1210 974 1282 polo,
998 1230 1051 1268 nos
1074 1214 1103 1268 in
1127 1213 1191 1268 solo

255 1299 383 1356 malleus
405 1299 625 1356 haereticorum
787 1295 836 1350 tac
857 1295 988 1351 nebelli
1011 1299 1039 1354 ‚vi
1062 1299 1108 1353 rel
1132 1298 1200 1353 dolo

300 1390 459 1442 conterens
482 1385 652 1459 perfidiam
832 1379 1059 1452 supplantemur
1081 1384 1219 1440 hostiurn.

670 1568 873 1585 -ῄι-

300 1706 371 1766 599.
396 1696 683 1774 [staecursorem
706 1704 944 1787 sammireqic.
968 1707 1277 1766 lnDecollatione

255 1792 335 1848 annis
360 1791 446 1865 Bapt.
490 1792 579 1849 Thes.
609 1792 644 1851 11.
667 1814 695 1869 p.
718 1798 767 1855 84
798 1799 919 1856 Neale
943 1797 1011 1869 Seq.
1034 1814 1061 1868 p.
1088 1794 1145 1850 173
1169 1813 1184 1848 e
1208 1794 1278 1848 llis·

255 1875 274 1930 li
292 1874 504 1950 Andegavcnsi
530 1878 617 1937 1523.
661 1880 736 1937 Item
759 1886 946 1957 sequentiam
959 1880 1066 1935 Adami
1081 1877 1278 1950 deprehendit

255 1976 306 2017 >ne
328 1962 358 2017 in
380 1961 483 2019 codice
506 1964 583 2019 arcis
606 1962 861 2024 Ponrmersselden
885 1984 962 2024 saec.
987 1965 1061 2020 XIV.
1093 1963 1152 2028 (Ill.
1177 1981 1203 2035 p.
1227 1961 1277 2025 55)

254 2044 451 2120 dperperam
474 2048 560 2123 legit:
599 2047 892 2109 Praecursorem
915 2067 1019 2107 suum
1041 2049 1158 2121 regis,
1196 2045 1277 2120 quod

254 2130 304 2187 tile
325 2132 434 2205 corrigi
449 2127 568 2206 potuit]

255 2263 490 2324 Praecursorem
520 2271 624 2325 summi
635 2270 736 2346 Regis,
749 2272 776 2330 5.
791 2273 947 2347 Arguebat
969 2273 1016 2328 hic
1038 2268 1196 2335 Herodem,

260 2350 299 2406 Et
319 2369 498 2426 praeconem
520 2371 616 2411 novae
639 2356 716 2430 legis
795 2359 858 2414 Nec
881 2363 1011 2414 terretur
1033 2357 1069 2411 ab
1094 2352 1206 2414 eodeni,

302 2436 441 2495 Celebrat
462 2438 614 2502 Ecclesia:
833 2444 959 2517 Ligatus
983 2444 1012 2497 in
1035 2456 1169 2497 carcere:

258 2517 294 2577 Iu
315 2520 371 2578 hac
394 2515 461 2578 luce
485 2528 544 2579 tam
566 2524 675 2582 festiva
790 2528 860 2584 Fert
882 2530 990 2583 iniusto
1022 2527 1118 2581 iustus
1142 2539 1278 2597 poenam,

261 2605 373 2674 Gaude,
397 2608 502 2675 Mater,
527 2615 557 2664 et
579 2612 680 2667 votiva
789 2610 1279 2669 Remdetestanstamobscoenam

302 2689 450 2766 Deprome
472 2696 640 2766 praeconia
832 2697 925 2772 Regis
949 2702 979 2752 et
1001 2694 1161 2752 adulterae.

264 2844 357 2902 Huius
380 2850 477 2902 ortum
497 2864 682 2915 ueneremur,
748 2849 776 2907 6.
791 2850 892 2906 Saevit
914 2851 944 2904 in
965 2849 1044 2904 huno
1067 2849 1111 2903 vis
1134 2847 1266 2919 tyranni:

263 2929 322 2987 Sed
343 2948 399 2987 nec
421 2933 518 2987 minus
541 2932 723 2990 delectemur
790 2935 871 2990 Laus
894 2935 1023 2990 accessit
1045 2933 1113 2987 hinc
1136 2931 1268 2994 Iohanni,

302 3015 336 3071 In
359 3018 423 3071 cius
445 3016 606 3089 Martyrio:
834 3018 973 3091 Tyranno
997 3018 1187 3089 supplicium:

261 3099 356 3157 Totus
379 3100 505 3157 mundus
529 3103 567 3158 sit
588 3103 747 3159 iucundus:
793 3103 909 3159 Stultus
933 3102 1029 3157 saevit
1051 3102 1179 3173 sapienti

260 3185 366 3241 Nullus
378 3185 494 3258 Martyr
507 3187 576 3242 huic
599 3186 749 3244 secundus
793 3188 870 3257 Quia
891 3191 987 3244 iustus
1009 3188 1038 3241 in
1061 3187 1211 3259 praesenti

303 3271 418 3327 Virtute
441 3272 489 3327 vel
511 3274 651 3345 praemio.
836 3273 986 3347 Purgatur
1008 3288 1062 3343 per
1083 3272 1244 3343 imperium.

259 3423 327 3479 Non
350 3428 397 3480 est
418 3429 539 3481 nostrae
561 3426 718 3499 parvitatis
752 3427 780 3484 7.
792 3426 826 3482 ln
848 3426 956 3481 natalis
973 3426 1018 3481 sui
1039 3440 1132 3480 coena

259 3507 364 3566 Virum
386 3512 488 3565 tantae
512 3507 667 3586 dignitatis
796 3510 925 3585 Capitali
947 3510 1039 3584 plecti
1061 3526 1158 3582 poena

306 3591 444 3650 Laudare
468 3611 522 3667 per
544 3597 653 3651 omnia:
837 3595 999 3651 Iohannem
1022 3593 1085 3649 Rex
1108 3593 1247 3667 imperat:

260 3678 385 3737 Summa
395 3682 438 3735 rei
447 3682 599 3747 recitetur,
796 3680 975 3755 Speculator
998 3679 1149 3745 saltatrici,

259 3765 302 3822 Ut
316 3764 441 3821 affectus
457 3767 602 3820 excitetur
797 3766 939 3821 Saltatrix
961 3764 1014 3819 dat
1035 3765 1187 3836 genetrici,

305 3849 349 3905 Ex
370 3851 434 3905 eius
450 3851 598 3905 memoria.
839 3850 938 3923 Caput
960 3846 1041 3922 quod
1062 3849 1200 3920 perierat.

261 3985 337 4042 Non.
355 3984 466 4041 arundo
490 3986 630 4053 levitatis,
753 3988 781 4044 8.
796 3985 874 4042 Crux
894 3985 1069 4059 praesignat
1092 3985 1242 4041 sublimari

260 4068 323 4129 Sed
346 4071 484 4126 columna
504 4072 662 4137 firmitatis,
795 4062 1284 4135 Christum‚-sedhuncminorari

276 4196 288 4210 .
308 4154 397 4210 Nulla
417 4155 522 4230 palpat
544 4157 679 4211 crimina:
843 4155 956 4229 Capitis
973 4151 1132 4210 abscissio:

263 4238 385 4295 Scribas
408 4242 519 4313 tangit,
543 4247 574 4297 et
595 4242 756 4306 Doctores,
800 4239 882 4296 Mors
906 4246 952 4295 est
974 4240 1044 4294 iusti
1066 4242 1206 4311 pretiosa,

264 4324 384 4381 Vocans
407 4325 484 4399 legis
513 4331 754 4400 transgressores
798 4323 894 4395 Quam
916 4324 1082 4398 praecessit
1103 4323 1233 4397 gloriosa

308 4409 436 4484 viperae
459 4411 615 4483 genimina
842 4409 928 4465 Vitae
941 4409 1135 4469 conversatio.
