3242 5134
354 697 493 766 suerunt:
516 694 568 751 88.
584 693 752 758 Mauricius,
767 694 969 767 primicerium
990 692 1170 767 Exuperius,
1190 699 1322 749 scriotor:
1342 691 1397 749 Gru-

357 780 450 847 didus,
475 778 684 853 campiductor:
712 779 816 845 Victor,
839 779 921 835 miles
935 785 1103 834 ueterrimis:
1123 777 1285 843 quocem3
1310 776 1397 833 Vitatis.

356 866 443 921 Liber
456 865 502 920 IV
521 881 623 921 versus
644 866 685 919 ita
701 862 835 936 profert:
856 864 892 919 Iu
913 864 968 919 duc
989 880 1022 918 rc
1043 862 1204 919 Mauritius·
1223 862 1349 918 Maurum
1364 859 1397 916 di

357 950 485 1006 videtur:
521 950 557 1005 Im
579 949 633 1004 tac
654 944 745 1022 Niqer
768 948 911 1005 Candidus
932 948 1061 1003 babetur.
1105 945 1180 1003 Dedi
1201 945 1342 1018 diffitetur
1355 961 1398 1019 pro
1447 991 1449 996 .

357 1033 508 1100 dividetur,
532 1042 564 1089 ut
585 1035 624 1089 sit
644 1050 761 1089 seusus:
796 1034 926 1099 Maurus,
951 1034 1018 1089 licet
1038 1032 1122 1105 uiqcr
1141 1033 1239 1102 suerit
1259 1037 1396 1105 conspectu,
1446 1027 1449 1080 ἕ

358 1118 403 1181 (ut
418 1120 590 1192 plerumque
613 1119 692 1173 ilium
715 1117 894 1191 depirtquut)
933 1125 1025 1173 tamem
1061 1116 1186 1171 caudore
1215 1118 1324 1172 amimae
1347 1130 1398 1171 rere
1442 1137 1449 1162 ι.

356 1204 448 1258 album
470 1222 588 1259 essese
610 1202 824 1259 donicustrcuit.
868 1202 903 1257 Iu
932 1220 1017 1258 versu
1039 1202 1172 1273 sequenti
1188 1205 1306 1275 poetam
1320 1200 1396 1272 ⁴iiiuc

352 1306 411 1361 pro
432 1290 545 1343 nomiue
561 1288 684 1361 proprio
706 1286 840 1343 babuisse
875 1286 996 1343 uidetur.
1040 1286 1085 1341 Et·
1114 1287 1233 1356 sorsum
1247 1283 1396 1341 incedetis

360 1372 411 1428 illu
434 1374 529 1427 iuerat
550 1372 668 1428 traditio
691 1390 776 1427 urium
799 1388 838 1427 ex
864 1371 993 1427 Tbebcea
1022 1372 1133 1445 leuiore
1160 1367 1280 1427 militem
1307 1388 1338 1425 eo
1359 1383 1396 1422 ur·

356 1460 431 1512 mine
452 1458 625 1532 appellatum
645 1458 747 1527 fuisse.
790 1456 909 1522 Addidi,
947 1458 1031 1511 metri
1052 1473 1153 1522 emisa,
1176 1455 1320 1522 candidis,
1340 1448 1397 1527 quod

353 1542 444 1612 facile
465 1542 601 1598 excidere
617 1543 722 1615 potuit.
769 1542 837 1596 Tum
859 1558 962 1597 seusus
982 1540 1055 1597 erit:
1090 1533 1201 1615 Niqcr,
1236 1559 1255 1596 a
1265 1535 1396 1596 caudidt't

355 1628 458 1698 suique
492 1626 632 1681 similibus
660 1627 779 1691 animis,
820 1626 962 1682 Candidus
984 1626 1111 1683 liabetur.
1148 1625 1183 1680 ln
1212 1642 1273 1680 uno
1308 1620 1395 1680 erravit

355 1710 406 1767 Vir
441 1710 562 1766 Doctus
627 1710 690 1765 Vox
726 1710 842 1783 Niger
875 1711 992 1776 minime
1029 1713 1111 1766 tenet
1158 1710 1259 1766 locum
1293 1704 1395 1764 nominis

355 1796 476 1869 proprii,
500 1794 556 1850 sed
580 1796 718 1868 apposita
740 1799 787 1850 est
775 1794 981 1853 tCandido
1025 1795 1151 1853 Sensus:
1177 1781 1334 1860 Candidus,
1353 1788 1395 1846 be·

355 1881 470 1954 thiops,
500 1881 673 1951 martyrium
704 1896 885 1953 perpessus,
920 1898 997 1936 nunc
1021 1866 1149 1957 dicubuit
1172 1877 1321 1935 Candidus
1349 1877 1394 1932 est:

356 1970 493 2021 versatur
515 1966 591 2021 enim
617 1965 647 2020 in
683 1964 842 2021 candidato
865 1964 944 2021 Mart
932 1970 1031 2037 tyrum
1067 1963 1207 2021 exercitu.
1252 1963 1313 2019 Nos
1332 1959 1396 2019 rectu

357 2049 481 2115 vidisse,
525 2053 590 2105 totu
626 2047 714 2105 docet
702 2050 890 2106 tcarminis
926 2047 1055 2115 indoles,
1097 2049 1139 2103 in
1164 2066 1231 2104 sex
1266 2046 1396 2103 Theraeo·

355 2152 421 2190 rum
465 2133 589 2190 ducibus
634 2139 797 2208 occupata:
844 2135 972 2190 omissus
1018 2138 1100 2189 esset
1134 2131 1345 2199 Candidus,
1374 2124 1395 2196 si

355 2218 481 2292 Nigro,
505 2219 578 2274 alias
600 2236 724 2292 prorsus
747 2221 860 2293 ignoto,
884 2218 1100 2275 concederetur
1122 2215 1230 2275 aditus.
1275 2217 1308 2275 G.
1341 2213 1397 2273 vic·

356 2308 412 2359 tor
433 2302 646 2360 victoribus
670 2305 803 2361 virtue.
848 2304 953 2360 Neule÷
973 2304 1104 2368 'Victus,
1134 2304 1248 2360 scilicet
1274 2321 1292 2359 c
1319 2302 1397 2359 morti,

355 2395 411 2444 est:
449 2389 622 2454 uictoribus,
665 2390 778 2445 scilicet
806 2389 922 2446 Sanctis
951 2407 1013 2444 cum
1043 2388 1154 2444 Christo
1178 2384 1398 2461 triumphantibus
1447 2409 1449 2420 ·

279 2525 282 2530 .
355 2474 524 2527 associatur.
569 2472 619 2527 Ita'
637 2490 750 2544 quoquc
773 2480 925 2540 testantur,
954 2473 983 2530 8.
1013 2473 1126 2528 Victore
1154 2474 1325 2545 martyrium
1350 2464 1399 2527 sui·
1447 2461 1449 2468 ’

354 2562 455 2622 curate,
485 2556 611 2611 auditam
636 2557 731 2626 fuisse
758 2575 852 2613 vocem
875 2558 910 2613 de
932 2559 1027 2613 coelo:
1050 2552 1178 2623 ‘Vicisti,
1202 2557 1285 2612 beate
1313 2557 1399 2614 Victor,
1447 2561 1449 2568 '

354 2635 467 2696 vicisti‘
490 2639 518 2697 3.
534 2640 607 2697 uA.
623 2640 690 2696 Ubi
705 2642 929 2698 innocentis
944 2643 1062 2698 vitam
1077 2638 1288 2707 datVituli,
1309 2639 1401 2698 besni

355 2724 619 2781 Innocentium
641 2727 807 2799 praemio
830 2727 957 2783 vituli:
997 2734 1064 2800 quo
1100 2719 1332 2781 neuteriam'
1351 2737 1402 2781 mo·

353 2812 454 2865 ritur
476 2813 578 2865 tutus
602 2827 620 2866 a
642 2810 775 2876 vitali,
799 2816 966 2884 uterque
982 2810 1051 2866 sub
1067 2809 1145 2878 ulis
1169 2810 1293 2867 seDei
1314 2806 1404 2867 norit

300 2941 307 2956 .
354 2894 409 2950 ali.
454 2895 531 2951 Sane
567 2895 625 2950 hac
662 2894 773 2952 codicis
813 2897 959 2969 scriptura
996 2896 1122 2953 evitatur
1145 2894 1290 2967 strophae
1312 2894 1406 2952 terum

353 2980 480 3036 ambitus
503 2978 584 3034 haud
606 2979 769 3053 legitimus:
794 2984 893 3036 tamen
915 2981 999 3037 lusus
1016 2981 1091 3036 sexti
1099 2980 1221 3046 numeri,
1246 2981 1300 3053 qui
1309 2980 1408 3054 ubique

353 3065 532 3138 conspicuus
555 3070 615 3131 est,
639 3082 692 3122 nos
715 3055 816 3122 movet
837 3070 871 3121 ut
893 3083 945 3122 sex
967 3065 1107 3138 strophas
1129 3065 1251 3138 podtcm
1273 3066 1410 3122 cecinisse

352 3240 442 3309 atque
466 3232 649 3291 subobscuri.
699 3233 849 3291 Medelum
885 3235 1019 3308 exposcit
1055 3251 1111 3291 vox
1148 3237 1326 3302 tenetur,
1363 3231 1414 3290 nisi

351 3321 429 3375 sorte
439 3318 567 3375 barbara
579 3318 737 3375 insolentia
758 3319 838 3375 idem
861 3319 1008 3393 significat
1030 3335 1065 3374 ac
1087 3318 1268 3386 habetur,
1291 3319 1417 3376 existi·

351 3408 475 3462 matur.
499 3404 526 3462 5.
549 3404 583 3461 G.
606 3418 716 3460 senus
740 3422 859 3461 senos.
881 3430 925 3440 -
947 3403 1076 3460 callem
1096 3402 1287 3461 iustitiae.
1328 3403 1416 3461 Collis

351 3490 483 3546 iustitiae
507 3494 554 3545 est
575 3507 660 3545 mons
683 3490 734 3561 qui
755 3507 833 3545 nunc
857 3487 885 3546 S.
898 3486 1042 3545 Bernerdi
1064 3490 1182 3545 nomine
1203 3489 1335 3564 insignis
1358 3493 1418 3545 est:

350 3572 389 3628 ad
411 3575 475 3628 eius
496 3571 614 3629 radices
636 3571 767 3629 Thebaei
789 3578 938 3646 martyres
960 3580 1127 3646 posuerunt
1148 3576 1257 3630 eastra.
1289 3572 1326 3637 G,
1349 3589 1420 3629 nou

348 3658 519 3729 potestis.
571 3657 607 3714 A.
628 3656 756 3729 plecti.
794 3658 823 3715 5.
847 3656 882 3715 G.
912 3656 1221 3714 conscendamus.
1261 3656 1419 3716 Alluditur

349 3740 388 3797 ad
410 3741 722 3797 thronumSalomonis
745 3741 780 3797 H.
803 3741 930 3816 Paralip.
958 3743 1019 3811 IX„
1035 3743 1082 3800 18.
1129 3742 1163 3798 G.
1187 3746 1222 3798 et
1251 3759 1324 3798 non
1346 3744 1422 3802 tim.

348 3826 540 3883 Leunculi
555 3824 668 3891 (Puralz
692 3827 773 3882 Fecit
807 3834 838 3882 et
859 3828 932 3884 ulios
954 3826 1100 3884 duodecim
1130 3827 1276 3884 ieuucudos
1305 3818 1426 3885 stamter

348 3929 437 3985 super
457 3927 514 3966 seu
534 3909 656 3983 crudus)
686 3910 744 3965 hoc
766 3910 833 3966 loco
862 3911 1066 3985 metaphorice
1093 3909 1254 3985 designent
1276 3910 1423 3969 adversa·

349 3999 419 4065 rios,
443 3996 495 4070 qui
516 3993 602 4051 nobis
625 3993 663 4050 ad
679 3996 795 4051 coelum
809 3994 1041 4068 properantibus
1055 3996 1219 4052 obsistunt.
1265 3995 1339 4053 Sex
1361 3998 1428 4063 imr'

347 4081 526 4156 properia
543 4079 656 4135 Mutth.
679 4077 769 4147 XXV,
793 4081 832 4136 41
858 4098 903 4154 sq.
929 4080 956 4145 1)
978 4078 1131 4137 Discedite
1153 4096 1234 4135 ame
1256 4080 1423 4139 maledicti

348 4166 377 4231 2)
399 4166 516 4222 Esurivi
539 4168 570 4219 et
589 4182 649 4219 non
672 4163 796 4220 dedistis
820 4165 891 4221 mihi
914 4163 1152 4221 manducandum
1166 4169 1222 4222 etc.
1245 4165 1282 4222 A.
1307 4165 1422 4225 vobis

348 4269 455 4324 supp.
479 4249 513 4306 G.
536 4248 672 4323 Quatuor
692 4249 779 4319 primi
802 4249 957 4316 versiculi,
982 4267 1057 4324 quos
1079 4249 1300 4323 pulcherrimos
1324 4249 1430 4319 dices,-

346 4334 555 4392 desidersntur
575 4334 605 4389 in
621 4332 655 4390 G.
664 4332 882 4405 Comparantur
905 4350 957 4389 sex
981 4333 1074 4393 duces
1090 4351 1157 4392 cum
1171 4334 1344 4408 Seraphim,
1369 4353 1422 4396 sex

274 4450 276 4453 ·
345 4420 401 4477 alis
422 4421 584 4478 instructiu
628 4418 747 4479 sinae
769 4417 971 4493 elu'e‚'quui
1000 4418 1109 4478 tollunt
1130 4433 1184 4478 sex
1212 4417 1326 4489 duces,
1350 4425 1424 4479 runt
