3242 5134
821 502 1041 574 4'.

281 679 284 686 ’
392 689 476 759 Quae
491 688 680 762 prolongatio
697 685 831 761 syllabae
846 684 873 740 A
887 683 955 741 ideo
970 682 1069 751 fiebat,
1092 686 1126 738 ut
1140 685 1259 754 tempus
1274 676 1314 734 ad
1336 693 1371 733 se

300 772 542 852 praeparandum
564 778 595 829 et
616 770 655 829 ad
670 769 892 831 ascendendum
911 768 1066 825 ambonem
1085 766 1217 824 Diacono
1240 762 1372 819 daretur.

302 859 372 929 Sed,
397 858 560 916 secundum
581 858 662 931 pium
685 858 749 913 eius
773 856 885 913 saeculi
906 856 1071 929 ingenium,
1102 867 1179 927 qnae
1207 848 1244 905 de
1266 855 1372 905 neces·

302 949 390 1004 sitate
413 946 495 1001 sacta
517 947 610 1011 erant,
633 941 672 999 ad
693 943 850 1016 mysticam
873 938 1022 1015 quandam
1044 943 1075 995 et
1098 936 1300 1010 anagogicam
1326 930 1373 999 (ut

267 1035 276 1071 ·'
300 1028 512 1106 loquebantur)
533 1030 679 1085 rationem
692 1026 907 1084 referebantur.
945 1016 1133 1096 „Solemus“,
1155 1021 1251 1095 inquit
1267 1018 1296 1075 S.
1312 1016 1372 1075 Bo·

217 1110 219 1113 ’
301 1121 483 1183 naveutura,
514 1114 655 1189 „longam
683 1117 784 1170 notam
813 1117 884 1185 post
912 1109 1072 1167 Alleluia
1094 1122 1185 1182 super
1205 1105 1323 1162 literam
1343 1101 1373 1158 A

302 1201 473 1268 decantare,
497 1200 568 1274 quia
583 1195 724 1274 gaudium
740 1196 916 1255 Sanctorum
937 1196 968 1252 in
990 1194 1082 1252 coelis
1104 1187 1318 1249 interminabile
1341 1191 1374 1244 et

300 1285 449 1343 ineffabile
473 1277 549 1341 est.“
595 1283 682 1353 Quod
704 1301 775 1342 vero
800 1300 874 1340 sono
897 1285 1029 1348 tautum,
1051 1297 1111 1336 non
1134 1278 1224 1335 certis
1248 1272 1371 1348 syllabis

301 1372 359 1427 hae
381 1376 470 1427 notae
494 1368 701 1443 alligabantur,
723 1384 761 1425 ne
783 1368 842 1425 hoc
865 1365 1001 1442 quidem,
1032 1366 1058 1421 si
1079 1362 1200 1438 Hugoni
1222 1358 1373 1417 Cardinali

302 1454 460 1523 credimus,
484 1455 700 1529 significatione
717 1458 812 1509 caret:
838 1454 928 1527 „quia
949 1454 1071 1525 ignotus
1088 1448 1173 1506 nobis
1197 1450 1244 1503 est
1266 1442 1373 1501 modus

300 1538 442 1598 laudandi
463 1540 559 1595 Deum
579 1540 610 1595 iu
631 1531 762 1594 Patria.“

286 1644 292 1658 ·
386 1625 426 1681 Et
446 1624 522 1680 haec
544 1625 665 1698 proprie
688 1629 735 1680 est
758 1622 932 1697 Sequentia:
964 1636 1071 1676 neuma
1099 1620 1161 1677 sive
1183 1614 1372 1692 prolongatio

302 1712 424 1767 ultimae
448 1709 582 1783 syllabae
604 1701 657 1765 τοῦ
680 1708 818 1764 Alleluia.
862 1706 995 1781 Ideoque
1024 1679 1104 1762 dict⁸a
1131 1707 1178 1760 cst
1200 1701 1372 1776 Sequentia,

207 1830 210 1837 ·
237 1824 244 1832 ·
304 1795 468 1852 secundum
489 1794 677 1867 probatiores
700 1797 848 1860 auctores,
872 1793 942 1867 quia
963 1790 1195 1847 modulationem
1217 1791 1247 1844 et
1267 1784 1374 1860 rhyth-

303 1896 384 1935 mum
396 1873 451 1936 τοῦ
467 1879 596 1935 Alleluia
617 1879 800 1952 sequebatur
819 1878 906 1952 eique
923 1875 1157 1950 obtemperabat.
1180 1872 1239 1929 Alii
1262 1876 1371 1937 tamen,

302 1964 380 2019 inter
402 1979 478 2036 quos
500 1967 549 2020 est
569 1962 701 2020 Michael
721 1962 911 2030 Praetorius,
940 1962 1018 2019 hanc
1040 1977 1161 2019 causam
1183 1958 1309 2015 nominis
1333 1955 1374 2012 el·

293 2044 464 2121 fingebant,
488 2043 569 2120 quod
581 2047 700 2102 ‘scilicet
719 2045 890 2103 immediate
911 2051 982 2119 post
995 2062 1102 2102 neuma
1123 2043 1293 2117 incipiebat
1305 2040 1374 2097 Dia·

188 2183 190 2187 ,
305 2148 411 2188 conus:
436 2131 656 2204 „Sequentia
679 2131 781 2203 Sancti
801 2131 956 2206 Evangelii
979 2129 1142 2188 secundum
1162 2122 1220 2185 N.“

390 2215 419 2271 S.
442 2215 592 2271 Notkerus
606 2214 761 2284 Balbulus,
784 2218 836 2290 qui
858 2233 935 2273 anno
958 2216 1021 2277 912
1043 2209 1125 2283 obiit,
1150 2213 1375 2288 sequentiarum

306 2316 382 2375 quas
403 2301 446 2355 ita
467 2316 545 2355 nunc
568 2300 752 2355 nominamus
782 2300 975 2375 aplerisque
1004 2305 1034 2358 et
1064 2299 1246 2357 doctioribus
1269 2302 1375 2367 auctor

190 2389 194 2397 '
305 2386 399 2441 fuisse
421 2383 560 2441 creditur.
611 2384 674 2441 Nec
705 2384 806 2440 obstat
834 2382 928 2458 (quod
957 2401 974 2441 e
1002 2383 1251 2457 praecedentibus
1277 2378 1374 2456 patet)

305 2474 446 2525 auctores
469 2470 520 2543 qui
543 2472 611 2524 ante
627 2468 791 2524 Notkerum
805 2469 942 2525 vixerunt
957 2466 994 2523 de
1015 2468 1183 2542 Sequentiis
1206 2468 1373 2539 scripsisse,

306 2572 373 2611 cum
394 2559 533 2609 neumata
556 2554 652 2609 solum
674 2554 883 2626 significarent.
926 2553 1052 2628 Ioannes
1076 2550 1194 2627 quidem
1216 2550 1374 2625 Adelphus

306 2640 478 2713 sequentias
501 2643 619 2694 nostras
642 2654 660 2693 a
681 2638 805 2694 Nicolao
827 2637 912 2712 Papa
932 2638 955 2693 Ι.
979 2638 1162 2712 approbatas
1183 2637 1277 2693 fuisse
1301 2636 1374 2693 scri-

304 2724 358 2780 bit.
403 2721 480 2788 Sed,
511 2722 683 2797 diligentius
712 2740 745 2778 re
772 2722 926 2794 inspecta,
957 2722 1072 2797 patebit
1092 2722 1248 2779 Nicolaum
1268 2721 1302 2789 1.‚
1325 2721 1374 2779 vel

306 2805 460 2878 scriptoris
490 2805 603 2860 incuria
629 2806 678 2861 vel
707 2804 932 2877 typothetarum
963 2823 1079 2875 errore,
1108 2824 1163 2881 pro
1185 2806 1221 2863 11.
1243 2808 1374 2881 positum

304 2889 408 2948 fuisse.
454 2887 538 2944 Sedit
564 2893 665 2944 autern
686 2889 827 2946 Nicolaus
856 2890 893 2947 ΙΙ.
924 2891 961 2947 ab
990 2908 1067 2949 auno
1100 2891 1179 2950 1058
1208 2908 1305 2967 usque
1335 2889 1374 2947 ad

309 2972 399 3031 1064.
421 2972 571 3029 Notkerus
587 2974 664 3030 cuim
675 2975 741 3047 ipsc
763 2976 793 3031 in
807 2976 993 3048 praefatione
1009 2978 1231 3051 sequentiarum
1253 2992 1374 3042 suarum

306 3056 346 3114 ad
366 3056 570 3116 Luitwardum
584 3058 663 3115 hunc
684 3061 715 3115 in
737 3059 857 3117 modum
873 3062 987 3119 scribit:
1006 3061 1125 3134 „Quum
1138 3061 1237 3119 adhuc
1250 3063 1372 3120 iuvenu-

248 3172 253 3182 ·
304 3143 353 3198 lus
384 3160 491 3211 essem,
522 3148 553 3199 et
582 3143 728 3201 melodiae
756 3146 949 3221 longissimae
972 3149 1092 3222 saepius
1114 3138 1274 3204 memoriae
1294 3163 1374 3203 com·

306 3226 464 3286 mandatae
478 3228 616 3286 instabile
639 3230 790 3286 corculum
806 3228 992 3306 aufugerent,
1017 3233 1104 3306 coepi
1125 3234 1234 3289 tacitus
1256 3248 1373 3288 mecum

304 3312 435 3380 volvere,
459 3330 588 3388 quonam
609 3313 697 3371 modo
720 3332 772 3372 eas
793 3318 942 3389 potuerim
964 3316 1114 3391 colligere.
1158 3316 1279 3374 Interim
1301 3334 1371 3375 vero

305 3398 440 3471 contigit,
463 3400 497 3453 ut
518 3399 677 3473 presbyter
700 3399 821 3475 quidam
843 3399 880 3458 de
904 3398 1045 3469 Gimedia,
1059 3418 1155 3477 nuper
1176 3400 1373 3459 aNordman·

304 3483 351 3538 nis
372 3487 493 3540 vastata
514 3485 629 3541 veniret
651 3485 690 3540 ad
711 3503 774 3553 nos,
798 3486 1036 3561 antiphonarium
1065 3504 1151 3544 suum
1173 3486 1319 3555 deferens,
1341 3490 1372 3545 in

305 3584 365 3641 quo
388 3568 479 3642 aliqui
493 3584 598 3625 versus
621 3567 660 3624 ad
675 3572 847 3645 sequentias
870 3577 954 3629 erant
968 3571 1121 3640 modulati,
1146 3572 1199 3630 sed
1214 3574 1279 3630 viarn
1301 3578 1372 3629 tunc

305 3653 428 3710 nimium
447 3654 550 3711 vitiati.
595 3653 727 3724 Quorum
748 3661 782 3712 ut
811 3658 879 3715 visu
902 3655 1084 3727 delectatus,
1115 3659 1157 3715 ita
1186 3676 1251 3715 sum
1280 3663 1372 3733 gustu

306 3739 494 3794 amaricatus.
546 3738 594 3795 Ad
627 3741 823 3798 imitationem
852 3747 952 3799 tamen
981 3760 1082 3800 eorum
1112 3745 1198 3817 coepi
1227 3730 1381 3801 scriberes

304 3821 452 3879 Laudes
481 3824 554 3905 Deo
585 3828 756 3882 concinat
789 3827 1135 3897 orbisuniversuS,
1166 3830 1227 3904 qui
1256 3830 1371 3903 gratis

223 3961 226 3966 ,
306 3911 365 3963 cst
397 3907 618 3984 redemptus.
660 3911 699 3968 Et
724 3912 815 3968 infra:
855 3912 1008 3971 coluber
1044 3912 1145 3971 Adae
1182 3912 1369 3988 deceptor.
1408 3972 1413 3981 ,

258 4030 260 4034 -
305 3991 387 4059 Quos
410 4010 476 4051 cum
503 3988 645 4074 magistro
674 4014 740 4053 meo
768 3997 861 4055 Ysoni
882 3997 1072 4067 obtulissem,
1102 3999 1153 4055 ille
1183 3997 1281 4055 studio
1303 4016 1370 4056 meo

305 4080 530 4151 congratulatus
553 4083 778 4157 imperitiaeque
800 4099 985 4157 compassus,
1009 4100 1086 4159 quae
1108 4084 1286 4157 placuerunt
1307 4084 1371 4141 lau·

305 4160 394 4230 davit,
418 4181 495 4242 quae
518 4173 618 4222 autem
639 4169 743 4235 minus,
767 4167 925 4226 emendare
942 4170 1064 4237 curavit,
1088 4167 1204 4227 dicens:
1229 4169 1370 4245 Singulae

304 4253 401 4303 motus
425 4252 590 4308 cantilenae
613 4253 746 4328 singulas
767 4253 899 4327 syllabas
923 4252 1032 4312 debent
1045 4252 1165 4311 habere.
1203 4253 1290 4324 Quod
1312 4271 1369 4329 ego

304 4330 437 4403 audiens,
461 4352 497 4392 ea
519 4336 647 4411 quidem,
673 4340 801 4413 quaein
824 4340 860 4396 ia
881 4338 1055 4407 veniebant,
1079 4339 1118 4397 ad
1138 4340 1283 4415 liquidum
1305 4357 1370 4397 cor·

302 4419 380 4475 rexi:
404 4437 481 4497 quae
504 4426 603 4480 autem
623 4424 654 4484 in
675 4423 711 4480 le
732 4424 781 4482 vel
802 4423 842 4484 lu
863 4426 950 4500 quasi
970 4425 1165 4500 impossibilia
1186 4426 1235 4491 uel
1264 4429 1369 4483 attem-
