3242 5134
271 528 300 591 8.
315 528 415 585 Goluit
436 526 545 585 devote
566 529 647 601 piam
805 525 834 585 7.
849 527 930 602 Ergo
953 524 1043 601 digne
1063 530 1096 583 te
1115 523 1287 593 laudamus,
1348 565 1352 570 -

314 613 394 670 Puer
415 614 557 668 innocens
579 612 715 678 Mariam,
852 611 917 668 Tua
939 612 1018 669 festa
1040 610 1274 668 celebramus·

357 697 521 752 Abstinens
544 713 562 751 a
584 697 719 753 crimine:
825 712 827 716 ·
891 697 997 770 Digne,
1022 702 1052 754 te
1075 698 1274 771 suspicimus:

316 783 393 837 Tota
415 783 477 838 vita
498 782 621 849 visitari,
847 782 956 850 Deum,
987 783 1038 855 qui
1061 780 1100 837 ad
1121 799 1177 837 nos
1201 786 1234 837 te
1256 782 1425 837 misi

316 868 469 933 Adiuvari,
492 867 643 923 informari
851 867 918 923 Tibi
939 871 1038 923 tantas
1061 867 1114 941 qui
1136 866 1240 923 divisit

359 952 469 1007 Meruit
490 967 509 1007 a
531 952 660 1026 Virgine.
894 952 998 1019 Dotes,
1020 950 1237 1008 benedicimus.

276 1072 303 1130 la
321 1071 457 1127 Summus
472 1070 563 1125 Pater
574 1070 654 1127 hunc
666 1071 785 1138 amavit,
808 1072 838 1131 8.
854 1072 919 1128 Ave
942 1069 1035 1127 decus
1058 1070 1283 1137 Confessornm,

318 1156 356 1213 Et
377 1158 522 1214 virtutum
544 1158 697 1214 exornavit
852 1156 965 1211 Norma
986 1161 1019 1212 tu
1040 1154 1315 1227 Presbyterorum,

361 1242 475 1297 Tunica
496 1240 654 1313 polymita;
897 1241 1039 1298 Ubiorum
1061 1233 1172 1315 gloria:

319 1327 386 1382 Fuit
407 1325 539 1398 simplex,
562 1330 673 1393 rectus,
696 1330 808 1393 castus,
852 1326 926 1393 Tua,
949 1331 1053 1382 noster
1075 1343 1093 1381 o
1114 1330 1245 1399 patrone

319 1410 401 1477 Pius,
425 1411 514 1477 mitis,
538 1428 608 1466 osor
629 1411 735 1477 fastus,
853 1410 908 1468 Est
929 1411 963 1466 inv
981 1410 1193 1467 benedictione

363 1495 485 1552 Cunctis
508 1494 638 1551 reddens
661 1494 770 1553 debita.
898 1497 1007 1552 Merito
1028 1496 1180 1552 memoria.

165 1654 167 1660 η
278 1616 306 1674 5.
323 1615 432 1671 Sancte
454 1618 562 1687 mysta,
586 1620 616 1669 te
639 1613 762 1671 laudare
813 1615 841 1674 9.
856 1614 921 1671 Tua
942 1615 1157 1671 intercessione

319 1702 389 1774 lpse
413 1700 559 1765 Christus,
583 1699 614 1755 et
635 1716 743 1757 vocare
856 1699 934 1756 Iram
956 1701 1052 1773 placa,
1075 1697 1188 1771 Ioseph
1209 1697 1300 1765 bone,

361 1786 416 1840 Est
439 1783 578 1858 dignatus
601 1784 708 1840 lilium:
895 1784 1006 1842 Imitati
1027 1785 1172 1851 Numinis,
1234 1778 1235 1781 ’

319 1871 395 1926 Diva
416 1870 500 1943 virgo
523 1869 577 1925 tibi
599 1870 680 1937 favit,
852 1869 991 1943 Loquere
1013 1885 1067 1943 pro
1090 1867 1177 1924 nobis
1200 1867 1289 1935 bona,

319 1955 439 2027 Ioseph,
464 1972 606 2030 sponsum
628 1960 659 2011 te
681 1956 809 2022 vocavit,
855 1954 1023 2012 Gratiarum
1044 1970 1137 2028 posce
1161 1951 1241 2008 dona

267 2081 275 2097 .
364 2033 566 2121 Capellanum,
590 2040 690 2097 filium.
749 2104 751 2112 Ι
897 2041 1080 2113 veniamque
1104 2038 1245 2093 criminis.

279 2158 306 2217 6.
324 2157 390 2214 Tibi
412 2156 532 2232 quoque
555 2157 731 2233 desponsari
797 2158 843 2218 10.
856 2154 907 2215 ⁴Tu
930 2157 1036 2215 exaudi
1056 2174 1174 2232 preces,
1199 2156 1368 2214 christe,

318 2242 378 2299 Per
400 2243 533 2316 angelos,
557 2250 587 2299 et
608 2245 720 2316 portari
857 2244 938 2300 Tuus
962 2260 1037 2318 quas
1061 2243 1174 2298 amicus
1197 2242 1256 2298 iste

238 2382 242 2387 .
360 2311 411 2382 ‘Ad
433 2333 462 2382 te
485 2327 584 2383 Iesum
606 2329 712 2385 voluit:
895 2328 1004 2384 Fundit
1025 2345 1079 2401 pro
1104 2324 1276 2383 clientibus:

321 2411 457 2481 Quantus
474 2429 567 2479 esses,
588 2418 619 2469 et
633 2418 813 2487 quantorum
855 2412 895 2470 Ut
918 2419 948 2470 et
970 2412 1080 2471 servuli
1102 2427 1158 2467 nos
1181 2410 1225 2467 tui

320 2495 411 2570 Apud
432 2497 527 2552 Deum
549 2499 728 2564 meritorum
856 2498 930 2556 (lum
953 2515 988 2554 eo
1011 2498 1161 2572 possimus
1185 2496 1243 2551 frui

213 2645 218 2653 ,
293 2626 297 2632 .
364 2582 500 2654 Angelus
524 2582 652 2639 edocuit.
900 2580 1023 2641 Gaudiis
1047 2579 1239 2640 coelestibus.

711 2771 914 2781 m

363 2905 432 2965 507.
477 2870 563 2977 {Hoc
589 2897 626 2963 in
652 2898 811 2963 natalitio
839 2896 998 2984 Morlpri
1026 2893 1184 2980 Georgia.
1239 2906 1283 2962 De
1342 2889 1386 2949 S·

279 2990 442 3067 Georgio
478 2990 577 3053 Thes.
601 2992 637 3050 Π.
659 3011 688 3065 p.
711 2986 793 3061 203]
1242 3042 1244 3046 .

364 3263 434 3321 508.
462 3252 583 3334 [Suom
604 3255 731 3321 lauder
751 3254 842 3340 pelle
860 3251 1023 3339 fraudes.
1052 3263 1095 3317 Do
1119 3262 1147 3320 S.
1173 3256 1336 3336 Georgi
1354 3260 1392 3303 0⁹

278 3348 444 3490 {glrlrairZaSeq
454 3348 602 3502 )l]’atrono.
661 3350 751 3405 Mone
778 3348 829 3407 ΙΙΙ.
856 3367 890 3454 p,
913 3348 983 3406 319.
1022 3346 1088 3412 (Hs.
1118 3365 1154 3403 zu
1185 3335 1395 3404 Karlsrulle

283 3555 308 3608 1.
327 3554 415 3616 Sume
429 3551 548 3617 laudes,
572 3552 650 3624 pelle
661 3552 792 3620 fraudes,
817 3553 843 3610 3.
861 3551 918 3620 Qui
942 3551 1102 3608 draconem
1124 3551 1276 3607 interfecit

315 3637 322 3642 ’
360 3637 475 3708 inclyta
499 3637 644 3701 Ferraria,
857 3637 1055 3693 etmalorum
1077 3635 1214 3696 arefecit.

321 3725 421 3776 tecum
451 3721 590 3789 laudent,
613 3741 673 3778 non
697 3721 815 3778 defrau·
899 3724 979 3779 vires
1003 3726 1034 3777 et
1055 3721 1190 3787 insidias,

687 3807 758 3863 dent
858 3809 938 3881 regis
962 3813 1062 3863 natam
1083 3805 1231 3873 liberavit,

364 3892 449 3959 coeli,
466 3895 583 3961 terrae,
607 3894 709 3961 maria,
858 3892 1002 3966 Deoiique
1024 3909 1082 3947 non
1105 3892 1241 3965 expavit¹

276 4012 308 4070 2,
325 4011 399 4067 cum
421 4017 565 4085 patronus
589 4030 659 4070 Vere
680 4012 777 4068 bonus
899 3995 993 4033 minas
1017 3981 1047 4034 et
1069 3981 1232 4049 potentias.

364 4098 419 4153 tibi
442 4100 481 4153 sit
504 4097 662 4171 Georgius,
817 4096 846 4152 4.
861 4096 917 4153 Hic
940 4098 1075 4171 reginam
1097 4096 1127 4151 in
1151 4106 1248 4168 agone

318 4182 406 4238 fortis
428 4184 515 4255 pugil
536 4201 591 4255 pro
614 4186 644 4238 te
668 4182 741 4254 vigil
861 4182 1041 4238 confortavit
1063 4185 1094 4236 et
1117 4177 1272 4238 coronae?

165 4291 179 4336 ,·
271 4265 274 4271 ’
362 4267 411 4323 hic
434 4273 548 4340 martyr
570 4269 721 4342 egregius,
904 4266 979 4322 coeli
1002 4266 1193 4340 participium
