3242 5134
254 662 283 702 ,ο
306 650 352 702 est
374 663 457 703 meus
480 647 581 714 Filius,
756 647 823 704 Tibi
844 664 944 713 unum,
967 646 1035 702 Iesu
1058 646 1197 701 Domine:

261 747 340 807 ‘quo
362 732 435 788 mihi
457 749 523 788 sum
543 732 690 810 placitus:
761 733 917 789 Faciamus
938 732 975 787 iis
998 730 1101 797 simile,

254 816 285 870 si
302 832 422 890 semper
443 817 548 890 gloria.
798 818 898 889 Moysi
920 832 987 872 cum
1009 816 1096 872 Heba

254 898 392 957 1'dientes
414 903 518 976 itaque
757 903 819 958 Nos
843 901 974 958 delectat
996 901 1180 965 commorari,

254 987 364 1041 excussi
386 989 590 1044 sunt.vertice
758 988 842 1043 Votis
865 1002 983 1060 semper
1005 985 1140 1041 famulari

260 1067 314 1125 Ab
334 1070 393 1127 hoe
415 1071 482 1127 luce
505 1073 626 1131 coelica.
795 1072 829 1127 In
851 1071 909 1126 hac
924 1071 991 1127 luce
1012 1071 1133 1126 coelica.

254 1170 299 1209 un
321 1154 404 1211 cadit
417 1158 447 1220 in
456 1156 549 1213 facies
752 1157 834 1213 Haec
856 1172 894 1212 ne
917 1154 1026 1211 mundo
1049 1155 1191 1210 intimetis

254 1241 412 1297 srtimescit
431 1243 513 1298 acies
754 1241 839 1315 Rogo
863 1245 951 1314 gesta
973 1257 1050 1314 quae
1072 1238 1180 1297 videtis

257 1324 346 1381 Haec
370 1326 457 1398 plebs
478 1326 662 1398 Apostolica.
797 1327 899 1382 Donec
922 1326 1012 1381 Filius
1035 1324 1168 1379 Hominis

254 1425 325 1465 ›nec
349 1427 401 1466 eos
425 1412 526 1486 tetigit
755 1410 920 1467 Surrexerit
943 1426 961 1464 a
982 1411 1115 1465 mortuis.

254 1510 306 1550 sus
330 1494 476 1562 Christus,
499 1501 531 1551 et
552 1497 594 1551 ait
755 1495 854 1551 Morte
876 1497 955 1552 victa
976 1494 1155 1559 revelentur,

254 1583 306 1633 stu
328 1580 385 1635 iam
408 1578 546 1654 deposito
754 1580 791 1636 llt
814 1597 832 1635 a
852 1579 937 1637 vobis
960 1577 1179 1653 praedicentur,

254 1662 310 1719 illa
333 1666 372 1719 sit
394 1667 543 1738 angustia.
798 1665 881 1721 Haec
904 1681 981 1739 quae
1004 1663 1120 1720 vidistis
1144 1660 1254 1735 gaudia

254 1755 413 1805 evaverunt
435 1749 539 1805 oculos
796 1750 840 1806 De
864 1767 937 1805 voce
958 1748 1053 1805 Patris
1077 1749 1205 1821 cognita.
1247 1739 1250 1749 ’

254 1850 286 1888 »n
308 1832 445 1890 videntes
468 1834 585 1908 aliquos
752 1834 955 1907 Depreeemur
976 1851 1047 1907 ergo
1072 1832 1222 1888 Christum

255 1923 346 1974 aeter
368 1936 457 1992 quem
480 1924 510 1975 et
532 1924 637 1975 antea:
752 1915 792 1975 Ut
816 1925 847 1976 et
868 1938 922 1975 nos
946 1917 984 1975 ad
1007 1922 1136 1973 montem
1158 1918 1247 1972 istum

254 2003 364 2077 usquis
387 2002 461 2059 vidit
483 2003 574 2060 talia?
716 1998 730 2009 '
754 2004 820 2060 Cito
844 2003 942 2070 ducat,
966 2008 996 2059 et
1019 2000 1159 2058 ostendat

254 2091 327 2144 urus
350 2092 462 2145 tractat
484 2087 566 2163 quod
587 2090 721 2146 affectat:
796 2088 880 2158 Quae
904 2090 962 2144 sint
984 2103 1055 2143 vera
1078 2084 1200 2159 gaudia:

254 2173 281 2227 si
304 2173 414 2229 clamat
436 2191 525 2247 quem
548 2190 600 2229 cor
622 2179 702 2229 amat
751 2174 791 2229 Ut
814 2191 882 2230 cum
903 2172 992 2229 Petro
1016 2172 1199 2238 commorari,

256 2254 362 2313 Iesum
385 2260 597 2331 superomnia.
751 2258 789 2313 llt
810 2257 949 2314 Patribus
973 2256 1157 2330 conregnari,

254 2346 327 2397 tstat
347 2344 459 2399 bonum
480 2361 535 2399 nos
558 2343 606 2399 bic
629 2360 710 2399 esse:
754 2343 930 2399 Trinitatem
954 2341 1111 2415 speculari,

255 2429 375 2484 ciamus
398 2427 548 2485 indefesse
794 2428 949 2485 Pessimus
970 2445 1026 2501 per
1048 2426 1184 2482 saeculo:

257 2509 334 2568 Tria
355 2511 563 2570 tabernacula:
797 2514 893 2570 Amen
909 2512 1009 2571 dicant
1025 2513 1130 2568 omnia.
1204 2498 1216 2524 ⁸
1293 2501 1299 2512 ¹

1253 1205 1275 1250 Ι

305 2779 378 2839 570.
404 2746 513 2860 [llaec
535 2776 686 2841 soldier
707 2777 973 2861 rummeprola.
1007 2784 1040 2839 In
1062 2745 1285 2857 Transfigu-

263 2868 528 3023 tipffpflomini‘
579 2869 697 2927 Neale
727 2871 796 2944 Seq.
827 2889 857 2945 p.
891 2870 957 2927 156.
989 2868 1144 2926 eMissali
1173 2868 1284 2924 Xanto-

254 2970 304 3010 usu
412 2998 419 3010 .

256 3071 365 3128 ‚Haec
389 3078 436 3128 est
458 3071 522 3129 dies
537 3090 650 3131 summe
666 3080 754 3149 grata
775 3075 803 3133 3.
819 3074 901 3129 Haec
917 3070 1055 3129 terrendo
1067 3069 1282 3138 nonlaedebat,
1305 3091 1312 3097 ·

277 3157 370 3215 Dulci
391 3157 459 3213 Iesu
483 3156 629 3225 dedicata,
819 3158 879 3215 Sed
900 3156 1028 3214 fovendo
1052 3154 1247 3221 demulcebat,

278 3241 481 3317 Plurimisque
504 3241 646 3300 decorata
816 3242 1018 3300 Demulcendo
1042 3238 1245 3313 suspendebat

303 3326 417 3383 Divinis
440 3328 604 3393 miraculis:
769 3387 774 3404 ι
839 3329 949 3385 Oculos
972 3325 1144 3382 videntium:

279 3411 348 3467 Hac
370 3402 493 3485 Moyses
516 3413 670 3481 excitatur,
820 3400 943 3470 Summe=
961 3411 1056 3467 dulcis
1080 3414 1110 3466 et
1124 3411 1235 3475 iocoso,

278 3497 321 3553 Et
343 3496 455 3569 Helyas
479 3502 668 3565 convocatur,
818 3500 923 3555 Suavis
947 3504 977 3553 et
992 3496 1133 3571 gratiosa,

279 3580 323 3638 Ut
343 3582 423 3638 facto
446 3584 541 3657 magis
565 3582 714 3652 credatur,
768 3574 771 3579 ’
814 3584 848 3640 In
871 3600 930 3657 qua
951 3582 1040 3656 plene
1064 3581 1195 3654 gloriosa

304 3665 380 3722 (lum
402 3667 496 3723 tribus
520 3665 681 3741 discipulis.
838 3667 950 3724 Habuit
965 3665 1111 3723 iudicium.

255 3784 338 3865 ξΗίε
359 3786 390 3840 in
411 3791 510 3842 monte
534 3790 726 3860 congregatis
775 3789 803 3846 4.
817 3787 932 3843 Bonum
955 3791 1019 3842 erat
1040 3784 1079 3841 ibi
1102 3800 1181 3851 vere,

280 3870 349 3927 Lux
369 3872 530 3927 immensae
554 3871 697 3928 claritatis
818 3873 900 3942 Bone
922 3870 1026 3936 Petne,
1049 3885 1235 3942 permanere:
1281 3925 1287 3936 ,

281 3955 439 4029 Miraeque
455 3958 610 4012 suavitatis
817 3955 877 4013 Sed
899 3955 1058 4029 oportebat
1079 3954 1206 4027 implere

304 4038 421 4118 Pariter
443 4043 596 4115 apparuit3
838 4042 931 4097 Facta
952 4040 1103 4096 Christum
1125 4039 1194 4094 alia:

281 4124 366 4181 Haec
389 4143 407 4182 a
429 4126 549 4182 Christo
573 4127 729 4195 emanavit,
816 4126 898 4182 Haec
922 4126 1041 4181 claritas
1064 4124 1222 4196 singularis
1272 4191 1274 4197 Ι

282 4208 322 4265 Et
343 4212 372 4265 in
394 4216 495 4268 vestes
518 4210 689 4279 abundavit,
755 4274 760 4284 ‚
819 4210 921 4267 Solum
943 4215 1008 4266 erat
1030 4208 1221 4280 exemplaris:

286 4294 362 4350 Suos
385 4296 502 4369 fulgore
525 4298 695 4368 prostravit,
818 4296 962 4369 Illiusque
985 4311 1091 4368 expers
1113 4294 1195 4366 paris

307 4379 449 4437 videntes
472 4397 506 4436 se
527 4381 640 4437 terruit
736 4403 741 4410 ·
839 4381 919 4438 Finis
943 4385 1007 4436 erat
1027 4380 1137 4434 nescia.

273 4467 390 4525 boniet,
405 4472 472 4515 Thes.
487 4470 565 4527 llynrn.
579 4470 604 4515 V.
1056 4471 1087 4524 19
