3242 5134
239 709 327 772 baldi
349 727 409 766 uon
431 711 557 784 amplius
578 712 609 767 in
632 709 811 767 dioecesium
833 707 1031 766 Direetorium
1059 711 1234 783 inscriptum
1262 727 1312 766 oc·
1389 690 1390 693 Ἴ

239 789 367 856 currit.“
412 795 497 852 Nunc
527 795 722 869 corrigendus
753 801 800 851 est
830 813 919 853 error.
969 794 1003 851 Iu
1032 795 1197 851 Direetorio
1226 797 1311 869 regni

239 882 391 940 Saxoniae
421 881 705 937 romano-catholico
738 879 785 937 die
812 880 915 936 xxvi.
947 879 1023 955 Aug.
1056 881 1185 936 occurrit
1208 881 1236 939 S.
1259 880 1312 936 Se·

237 965 325 1023 baldi
349 965 610 1023 Contemnes.

677 1044 879 1054 ...un——

330 1149 401 1211 501.
426 1141 640 1223 [baudomere
671 1161 788 1208 cernes
816 1142 954 1228 inclyta.
998 1151 1043 1208 De
1066 1151 1095 1208 S.
1119 1151 1312 1208 Bartholo-

236 1252 353 1296 maeo.
396 1235 487 1294 Thes.
509 1235 545 1296 II.
567 1255 595 1311 p.
619 1229 679 1308 84]

678 1368 881 1382 5-—

334 1441 406 1500 592.
430 1430 677 1514 [Laetctcmda
691 1432 824 1520 psallet
835 1430 935 1517 plebe
951 1450 1028 1498 cum
1041 1434 1154 1498 mente
1169 1431 1311 1498 munda.
1370 1430 1373 1434 ’

234 1524 279 1580 Dc
310 1528 343 1584 S.
366 1523 567 1594 liudovico
589 1525 684 1616 Rege,
729 1526 818 1584 Thes.
841 1526 877 1582 II.
899 1545 927 1599 p.
950 1519 1009 1594 84]

332 1795 402 1858 tta.
429 1786 566 1872 [Reyem
587 1808 707 1873 reptem
729 1808 946 1856 verteremur.
983 1798 1027 1854 De
1050 1797 1079 1855 S.
1101 1796 1312 1856 Ludovieo.

228 1875 340 1956 Rege.
386 1882 504 1940 Neal‘e
528 1882 595 1958 Seq.
619 1901 648 1957 p.
676 1882 743 1942 171.
766 1901 782 1939 e
804 1883 921 1940 Missali
942 1883 1112 1939 Redoneusi
1142 1879 1241 1949 toea]

251 1997 280 2055 1.
305 2001 426 2076 Regem
447 2017 552 2074 regum
574 2019 759 2070 veneremur,
803 2004 832 2059 4.
848 2000 935 2058 Orbis
959 2003 1052 2076 signis
1074 2002 1249 2070 illustratur,

304 2085 349 2144 Et
371 2085 409 2144 de
431 2088 511 2160 regis
534 2086 697 2160 gloriemur
847 2087 941 2160 Capto
964 2087 1028 2160 regi
1050 2089 1236 2143 restauratur

332 2171 478 2230 Ludovici
501 2172 611 2246 gloria:
868 2172 971 2227 Hostis
994 2170 1106 2245 praeda
1128 2171 1297 2244 praeditus:

301 2255 352 2314 Ex
375 2257 555 2312 Francorum
576 2259 661 2330 regui
684 2273 755 2313 eura
843 2258 911 2312 Vita
934 2255 1020 2312 datur
1042 2257 1200 2323 morituris,

302 2340 473 2398 Beatorum
494 2343 580 2416 regni
601 2344 667 2398 iura
844 2340 1313 2415 Olaudisgressus,luxohscuris‚

331 2425 474 2482 Possidet
496 2427 526 2482 in
547 2426 655 2484 Patria.
866 2427 903 2482 Et
926 2428 1052 2501 captivis
1074 2425 1195 2484 reditus.

248 2538 284 2598 2.
306 2543 417 2620 Ipsum
432 2543 550 2602 Christo
564 2546 778 2602 conformatum
803 2547 831 2602 5.
847 2545 956 2602 Certus
979 2544 1097 2602 demum
1119 2545 1157 2601 de
1179 2562 1298 2612 corona,

303 2629 455 2706 Magnum
477 2631 548 2686 iecit
572 2635 603 2686 et
623 2630 745 2686 beatum
847 2632 940 2686 Maris
963 2630 1051 2687 undis
1075 2630 1195 2704 dempto
1217 2626 1309 2698 Ionas

332 2715 482 2772 Virtutum
504 2715 704 2772 immensitas:
868 2715 950 2772 Coeli
973 2721 1092 2790 portum
1117 2717 1228 2772 tenuit:

303 2796 416 2874 Longa
437 2799 523 2868 fides,
545 2818 628 2856 amor
649 2801 738 2867 latuS,
846 2801 879 2855 In
903 2803 1040 2858 extremis
1068 2817 1273 2857 successorem

308 2885 382 2940 Alta
405 2902 485 2959 spes,
510 2885 563 2941 sed
586 2903 644 2941 non
668 2886 777 2941 elatus:
844 2886 1024 2952 Intormavit,
1048 2891 1079 2941 et
1101 2886 1244 2942 cultorem

332 2969 486 3028 Profunda
507 2970 667 3029 humilitas.
870 2971 945 3026 Esse
967 2971 1022 3026 Dei
1045 2969 1152 3029 docuit.

258 3077 292 3140 3·
310 3087 435 3146 Vultum
448 3088 561 3146 habens
577 3088 781 3164 DavidRegis,
805 3089 833 3150 6.
842 3092 910 3145 Vita
931 3092 1034 3146 vivens
1057 3090 1217 3146 Beatorum

311 3171 459 3231 Ezechiae
480 3174 577 3230 zelum
599 3174 685 3248 legis,
848 3175 930 3230 Felix
944 3179 1052 3248 regnat
1066 3175 1127 3230 Rex
1137 3175 1315 3231 Francorum

334 3259 372 3315 Et
394 3259 492 3316 Iosiae
515 3258 660 3315 studium:
868 3262 902 3316 ln
923 3261 1020 3316 beatis
1044 3259 1180 3316 sedibus:

314 3343 427 3401 Doctus
447 3361 538 3400 verae
560 3344 636 3400 lucis
660 3342 754 3410 dator,
852 3345 1058 3417 supplicemus
1082 3345 1191 3401 Sancto
1214 3345 1290 3419 Regi

255 3467 258 3472 -
314 3427 400 3486 Vitae
425 3434 528 3486 custos
552 3435 583 3486 et
605 3436 721 3484 amator
848 3432 910 3486 Nos
926 3431 1103 3488 Sanctorum
1124 3430 1206 3504 iungi
1229 3431 1314 3504 gregi

332 3513 368 3572 Iu
391 3511 511 3570 Christo
534 3515 702 3572 viventium.
869 3515 930 3571 Piis
954 3516 1017 3571 eius
1038 3515 1186 3590 precibus.

334 3632 361 3690 3.
383 3631 458 3688 Red.
481 3632 633 3688 Iosuae.
661 3633 695 3690 N.
717 3633 863 3699 lesisse,
888 3635 1026 3708 quoniam
1049 3633 1086 3690 de
1108 3633 1230 3707 regibus
1253 3636 1316 3709 agi·

242 3701 329 3856 {R
350 3717 492 3774 Fortasse
515 3716 645 3774 studium
665 3718 854 3790 expugnandi
877 3725 986 3774 terram
1002 3724 1136 3775 sanctam
1148 3719 1316 3795 intelligen-

335 3988 406 4048 5⁰4.
434 3976 604 4057 [Gaudete
626 3982 710 4048 iusti
732 3987 768 4048 tn
785 3983 932 4048 domino.
958 3992 1002 4047 De
1023 3992 1051 4049 S.
1076 3992 1315 4052 denehardo.

235 4047 340 4129 Mene
361 4073 412 4132 llL
435 4091 464 4147 p.
491 4074 561 4134 812
606 4074 680 4140 (hus
708 4077 789 4132 einer
815 4075 1033 4132 Petershauser
1055 4078 1107 4134 Hs.
1137 4095 1173 4134 ru
1195 4078 1316 4136 Heidel·
1424 4152 1426 4155 .

232 4131 327 4231 berg
350 4151 546 4226 msranrnn

240 4257 428 4334 ¹-Gaudete
451 4250 521 4334 iusti
544 4280 573 4335 in
596 4278 713 4334 domiuo
786 4267 1038 4338 2.Coliaudantes
1068 4280 1219 4336 Christum
1248 4299 1317 4336 con·
1371 4269 1375 4281 ¹

317 4359 370 4420 hac
393 4363 474 4430 clara
496 4361 553 4431 die,
1193 4368 1273 4422 sonis

425 4473 427 4478 ·
494 4457 508 4496 ⁵·-
525 4463 538 4500 ÷·
651 4455 653 4462 '
823 4450 949 4508 vocibus
972 4454 1003 4506 ct
1025 4450 1157 4523 organis.
