3242 5134
350 698 422 758 097.
469 685 625 769 [Sume
661 686 751 756 bone
787 692 823 757 et
850 690 984 756 suavis.
1032 698 1077 754 De
1114 698 1147 756 S..
1171 698 1328 759 Severo.

255 784 356 842 Mune
383 784 436 841 IIL
458 801 488 858 p.
512 781 581 842 501.
618 783 681 850 (Hs.
704 800 762 841 von
785 783 828 841 St.
849 782 940 839 Peter
961 801 997 839 zu
1019 782 1182 839 Karlsruhe
1205 765 1258 843 No:
1285 785 1330 844 16.

254 870 388 928 missale
410 869 545 943 nogant
571 864 690 936 usal]

258 991 288 1048 1.
306 990 428 1046 Summe
448 986 527 1044 bone
549 990 580 1043 et
602 988 712 1055 suavis,
820 987 847 1046 0.
862 986 936 1044 Filia
955 986 1129 1043 Innocentio

305 1075 358 1149 qui
380 1072 503 1130 Petrum
525 1069 563 1128 de
583 1088 665 1129 remo
686 1073 772 1129 navis
804 1082 807 1087 ·
858 1089 913 1147 pro
936 1072 1019 1130 salva
1041 1074 1233 1148 conscientia,

304 1159 432 1226 vocasti,
455 1162 490 1214 ιιι
512 1161 594 1213 esset
615 1157 699 1215 naris
864 1162 897 1213 ut
920 1154 1028 1212 cedant
1049 1159 1156 1214 mentis
1178 1160 1259 1228 vitia,

349 1247 451 1299 rector
473 1244 596 1299 sanctae
616 1240 687 1298 fidei
754 1281 759 1292 .
881 1247 950 1298 *est
971 1240 1107 1315 praelato
1129 1244 1258 1315 propria.

256 1362 291 1421 2
306 1361 504 1419 Publicanum
526 1365 559 1417 tu
581 1362 706 1428 traxisti,
820 1360 848 1420 7.
863 1360 946 1416 Bone
968 1359 1046 1427 Iesu,
1069 1361 1099 1416 in
1122 1360 1233 1417 Severo

306 1446 461 1522 peccatum·
484 1462 570 1519 spem
593 1443 703 1502 dedisti
862 1449 896 1500 ut
918 1442 1060 1501 ostendas
1083 1461 1216 1501 normam
1239 1447 1329 1516 clero,

308 1540 340 1589 ct
360 1531 431 1589 huic
452 1532 532 1587 hunc
553 1531 725 1605 praefecisti
864 1535 897 1586 ut
918 1529 1063 1603 probatur
1084 1530 1169 1604 signo
1192 1548 1263 1589 vero

349 1618 451 1673 lumen
472 1616 627 1691 evangelii.
906 1632 996 1671 uxore
1019 1619 1050 1670 et
1071 1615 1139 1673 filia.

264 1736 295 1795 9.
310 1734 358 1791 Tu
380 1734 418 1791 de
440 1736 510 1791 lana
530 1735 718 1801 transtulisti,
823 1736 850 1794 9.
866 1735 926 1791 Fac
947 1752 1002 1790 nos
1025 1735 1085 1801 tibi,
1111 1734 1172 1791 deo·
1190 1752 1261 1792 vero

308 1838 398 1895 quem
421 1818 459 1877 ad
480 1820 578 1876 lanam
600 1820 798 1894 assumpsisti,
863 1820 947 1895 gravi
969 1836 1051 1875 more
1074 1825 1105 1875 et
1127 1815 1247 1893 severo!

308 1906 390 1962 huno
412 1903 550 1962 columba
572 1903 730 1962 ostendisti
864 1910 928 1961 tota
950 1909 1057 1962 mente.
1080 1903 1171 1960 corda
1193 1922 1274 1961 mero

350 1990 521 2064 praesulem
543 2007 610 2051 cum
633 1989 736 2064 gloria.
905 1988 983 2044 serre
1005 1988 1095 2045 laude
1119 1988 1224 2048 dulcia.

266 2108 297 2167 4.
312 2108 406 2166 Cuius
428 2126 535 2165 nomen
558 2112 605 2165 est
627 2108 766 2174 Severus,
825 2108 853 2167 9.
868 2106 948 2165 Uxor
970 2108 1033 2163 eius
1055 2108 1141 2164 nobis
1164 2110 1264 2165 iuncta

310 2192 391 2270 quod
401 2195 479 2250 est
456 2211 582 2268 signum
590 2191 670 2268 quod
678 2210 802 2250 severus
867 2210 921 2249 nos
945 2191 1081 2249 defenset
1095 2193 1211 2267 pellens
1227 2200 1334 2251 cuncta

310 2277 402 2335 debet
424 2295 493 2335 esse
514 2278 636 2352 praesul
658 2295 747 2336 verus
865 2294 942 2354 quae
966 2282 1035 2333 sunt
1049 2278 1134 2335 nobis
1150 2278 1218 2335 selle
1233 2280 1334 2336 iuncta

352 2368 462 2420 cuncta
484 2380 628 2438 spernens
650 2364 736 2421 levia.
909 2362 964 2420 sub
987 2363 1073 2419 melle
1096 2347 1228 2423 latentia.

270 2479 300 2539 o.
315 2482 392 2539 Huic
414 2499 488 2538 uxor
509 2484 673 2550 maritatur,
805 2480 852 2541 10.
870 2443 916 2538 Sit
938 2486 969 2538 et
989 2487 1042 2540 ιιιι
1043 2499 1062 2538 a
1030 2480 1168 2540 tnobis
1189 2482 1277 2540 testis

309 2566 454 2624 fortitudo
477 2568 502 2623 si
524 2569 673 2641 iungatur,
867 2584 958 2642 super
971 2569 1087 2625 cunctis
1103 2570 1213 2625 nostris
1229 2569 1333 2642 gestis,

310 2657 344 2709 ut
365 2657 493 2725 peccato
515 2653 682 2720 resistatur,
867 2653 907 2708 sit
929 2657 959 2707 et
980 2655 1087 2709 mentis
1107 2658 1226 2710 nostrae
1241 2655 1335 2710 vestis

352 2738 470 2794 nomine
492 2738 654 2794 Vincentia
905 2735 1032 2810 pulchra
1053 2738 1232 2805 innocentia,

496 2857 543 2913 ll.
578 2857 618 2913 Ut
639 2873 694 2912 nos
716 2855 819 2923 sortes,
843 2849 935 2912 corde'
954 2858 1031 2930 puri,

572 2943 603 2998 iu
624 2941 682 2998 hoc
706 2957 792 2997 sacro
814 2939 983 3015 pugnaturi,

456 3079 479 3090 ,.
572 3028 660 3083 hoste
682 3027 765 3091 victo,
783 3026 976 3100 permansuri,
1066 3087 1081 3096 ,,

625 3116 726 3168 tecum
748 3112 841 3167 simus
862 3109 1017 3186 perpetim.

355 3381 425 3441 038
458 3372 538 3451 [Per
558 3374 811 3441 occaecatum
837 3372 950 3458 pruni.
994 3370 1051 3438 Dc
1071 3372 1161 3466 volte
1184 3369 1336 3441 Geticae-

273 3460 369 3523 ιιιιιιι
412 3456 537 3526 Gracc
577 3458 738 3564 corporat
771 3457 934 3543 phorima
995 3465 1061 3523 De
1081 3459 1121 3524 S
1145 3465 1336 3565 Quintilio.
1373 3501 1380 3512 -

272 3550 390 3610 Nesla
413 3554 481 3626 Seq.
503 3555 532 3626 p.
558 3549 636 3620 loa]

255 3850 260 3855 ’
357 3889 427 3951 ιιι.
473 3880 775 3959 [maiascus
796 3883 848 3948 ιι.
864 3881 937 3948 acu
956 3882 1142 3948 -ιιιιιιιι
1164 3884 1337 3952 mecona.

271 3974 314 4035 De
348 3977 533 4034 Omnibus
568 3977 730 4033 Sanctis.
788 3975 900 4032 Neale
933 3973 1003 4049 Seq.
1032 3993 1062 4049 p.
1083 3975 1149 4035 197
1179 3994 1196 4033 e
1222 3978 1338 4036 Missali
1449 3983 1451 3989 ’

272 4060 432 4119 Leodiensi
458 4055 557 4131 1519]
632 4054 634 4060 ’

296 4184 321 4241 ι.
343 4181 482 4238 Resultet
502 4182 593 4237 tellus
615 4184 646 4237 et
667 4180 730 4237 alta
751 4178 903 4236 coelorum
924 4178 1061 4238 machina

293 4267 321 4324 2.
345 4266 379 4322 In
400 4265 520 4322 laudem
533 4259 639 4322 Patris
661 4266 774 4322 aeterni
795 4266 929 4340 regentis
952 4264 1090 4331 ιιιιιοιι;

294 4350 323 4409 9.
347 4351 402 4409 Cui
432 4350 616 4448 Angelorum
649 4343 732 4407 chori
765 4346 930 4406 concordes
962 4352 1073 4405 canunt
1107 4345 1181 4404 odas
1217 4350 1247 4405 ιιι
1277 4350 1339 4426 poli

376 4475 379 4481 .
475 4435 568 4511 regia
