3242 5134
218 685 256 742 1.
274 686 406 746 Sursum
429 685 521 745 eorda
543 685 716 762 dirigemus,
773 687 802 744 b.
818 686 915 743 Homo
938 687 1016 742 vitae
1039 688 1207 761 singularis.

272 779 308 831 ut
332 789 438 834 amoro
459 773 626 830 teneamus
812 771 988 846 disciplinae
1010 774 1151 830 salutaris

269 857 346 917 Iesu
371 858 483 918 christi
506 857 623 916 domini.
815 862 862 914 est
884 856 1012 932 adeptus
1034 862 1169 932 gratiam.

271 942 393 1002 Christi
416 959 533 1020 semper
554 945 585 1000 in
606 943 719 1002 honore
812 943 890 1000 Vixit
912 949 1005 1010 caste,
1028 945 1100 1001 vixit
1122 948 1170 1019 pie

266 1031 391 1103 psallat
413 1033 521 1097 mente,
544 1029 655 1103 psallat
677 1047 738 1097 ore,
809 1028 919 1084 Sacrae
943 1030 1048 1104 virgini
1071 1030 1183 1087 Mariae

270 1117 325 1191 qni
352 1113 519 1173 coneordat
540 1115 657 1171 nomini.
815 1119 991 1169 construens
1015 1109 1181 1175 ecclesian.

210 1232 352 1310 2.1pse
376 1235 444 1291 lsus
466 1239 513 1291 est
535 1235 717 1308 angelorum,
776 1233 803 1291 u.
818 1233 951 1289 Kilianus
975 1236 1138 1302 seminavit,

266 1320 340 1394 ipse
367 1319 451 1376 salus
472 1319 643 1386 electorum,
814 1316 895 1391 quod
917 1317 1108 1375 Burchardus
1131 1322 1272 1395 irrigavit,
1345 1311 1351 1342 ''

265 1405 340 1479 ipse
367 1400 441 1478 spes'
462 1408 493 1461 et
515 1403 618 1479 gloria.
706 1445 710 1453 .
816 1401 896 1477 quod
919 1401 1099 1476 Gunrpertus
1123 1408 1254 1463 messuit.

265 1488 402 1548 Laudes
425 1505 497 1564 ergo
520 1489 679 1546 salvatoris
815 1488 922 1544 Senren
945 1493 1010 1544 arat
1031 1489 1153 1545 uerbum
1176 1492 1239 1559 liei,

261 1575 295 1632 in
322 1573 486 1648 Gumperti
508 1574 690 1640 confessoris
815 1575 922 1629 messis
945 1574 1060 1630 tructus
1083 1582 1205 1633 sanctae
1229 1580 1302 1652 spei,

263 1661 443 1736 pangimus
464 1661 611 1717 memoria
815 1676 874 1733 qua
897 1658 1080 1732 Gunrpertus
1103 1663 1205 1734 viguit.

205 1774 247 1832 3.
264 1779 330 1837 Ille
358 1779 424 1836 Deo
446 1779 592 1836 militarit
777 1778 847 1835 7.0
871 1777 1043 1851 Gumperte‚
1068 1780 1255 1853 suffragator,

260 1867 347 1923 vicit
371 1862 522 1930 mundum,
545 1863 742 1936 triumphavit
818 1867 882 1918 esto
905 1864 990 1920 nobis
1013 1864 1191 1932 consolator,

263 1949 440 2006 debellatis
461 1947 609 2005 hostibus.
817 1946 941 2004 subveni
964 1949 1169 2006 clamantibus.

262 2035 392 2092 Hostes
416 2038 500 2090 eraut
522 2035 619 2090 carnis
643 2039 748 2101 motus,
815 2032 862 2087 Ad
884 2039 1010 2106 peccata
1031 2033 1203 2091 redimenda

263 2119 390 2194 quibus
412 2117 476 2174 Deo
497 2119 543 2175 vir
565 2117 691 2175 devotus
815 2124 866 2173 tuo
888 2120 953 2191 regi
976 2136 1030 2174 nos
1054 2119 1227 2176 commenda
1276 2129 1282 2140 '

262 2205 392 2262 restitit
413 2203 603 2261 instsntibus.
815 2205 927 2259 meritis
951 2210 981 2259 et
1002 2205 1149 2276 precibus.

211 2319 253 2380 4.
270 2323 358 2381 Cum
381 2320 421 2379 ad
441 2320 531 2378 fidem
553 2322 731 2389 traheretur,
776 2325 804 2382 8.
822 2322 909 2389 Audi,
933 2323 1011 2390 Iesu,
1036 2325 1249 2397 supplicantes,

265 2427 309 2466 ne
336 2425 358 2465 a
378 2405 438 2463 nde
460 2405 620 2472 laberetur,
814 2407 882 2463 audi
906 2415 974 2465 tuae
995 2411 1184 2483 postulantes

268 2492 395 2552 domuit
417 2493 555 2550 carnalia.
816 2494 881 2566 opis
904 2492 1092 2562 adminicula,

266 2575 459 2636 Festinaudo
482 2576 520 2634 ad
543 2578 681 2634 salutern
704 2572 706 2576 ’
814 2578 851 2634 Et
872 2578 1011 2651 placatus
1033 2580 1080 2634 his
1103 2585 1236 2652 patronis

270 2661 312 2720 de
337 2664 451 2721 virtute
473 2663 503 2718 in
526 2663 664 2719 virtutem
814 2662 853 2718 ad
875 2680 1021 2736 supernae
1045 2665 1167 2721 visionis

268 2749 379 2821 posuit
400 2748 537 2823 vestigia.
813 2746 872 2803 duc
895 2767 950 2805 uos
972 2748 1151 2806 habitacula.

693 2896 878 2904 ———-————-

319 3001 392 3063 tot
439 2990 529 3074 [Reor
554 2989 744 3060 oswaldus
780 2992 827 3061 ub
857 2993 1057 3077 Auplorum.
1106 3005 1149 3060 De
1180 3008 1207 3066 S.
1240 3010 1305 3066 Os-

226 3089 374 3148 waldo.
418 3087 508 3147 Thes.
530 3085 566 3146 11.
590 3107 618 3161 p.
643 3087 721 3157 itt]

323 3335 396 3420 stt.
427 3349 496 3430 [Ad
522 3350 690 3418 honorem
718 3352 843 3416 matris
870 3349 947 3418 Det‘.
991 3361 1024 3418 Iu
1047 3362 1221 3423 Festivitate
1244 3367 1307 3425 Ni-

228 3441 301 3507 vis
342 3443 649 3521 unes.u.p.ass.1
681 3536 766 3544 *-

769 3534 877 3543 ——--..

308 3631 397 3710 ‘stt
427 3638 608 3718 [Laetetur
629 3639 733 3707 bodie
753 3643 879 3707 matris
903 3642 1073 3708 ecclcsiae
1096 3650 1223 3712 sanctu
1246 3650 1311 3715 de·

232 3727 344 3793 voto.
388 3733 796 3810 Inl'ranssrguratione
819 3737 943 3793 Domini.
988 3737 1328 3815 NealeSeq.p.it7'

231 3822 254 3862 Ε
276 3817 395 3878 Missali
417 3818 578 3877 Leodiensi
604 3818 703 3887 ista]
780 3871 783 3882 ,
1229 3832 1233 3838 ’

245 3930 274 3992 ¹·
311 3940 459 3997 Laetetur
479 3936 569 3994 hodie
592 3941 694 3995 matris
716 3940 870 3997 Ecclesiae
893 3947 997 3997 sancta
1020 3940 1151 4000 devotio:

305 4023 521 4083 Annirersaria
542 4021 659 4081 reduxit
681 4024 790 4098 gandia
812 4025 1078 4100 Transfiguratio‚-
1202 4027 1205 4034 '

232 4127 268 4191 ²·
308 4143 446 4218 Superna
467 4143 542 4199 risio
565 4144 594 4198 in
618 4145 777 4216 supercilio
800 4145 908 4200 montis
931 4147 1084 4218 apparuit:

302 4227 385 4286 Deus
408 4227 590 4295 innomine,
615 4245 716 4307 verum
738 4231 767 4284 in
789 4229 898 4286 lumine
921 4230 1034 4286 Lumen
1057 4232 1248 4305 resplenduit.

229 4330 264 4390 3·
306 4346 404 4404 Adest
424 4363 498 4421 prae
521 4347 615 4403 oculis
638 4348 733 4403 tribus
756 4347 911 4422 discipulis
933 4349 1022 4405 Verbi
1046 4348 1196 4417 divinitas;

304 4430 439 4492 Illustrat
461 4431 592 4500 steens,
614 4438 730 4490 remota
751 4432 868 4501 nebula,
892 4433 998 4489 solaris
1021 4434 1151 4492 claritas.
