3242 5134
343 671 414 734 602
448 661 605 744 [Laudes
626 662 763 732 debitus
784 662 863 732 Deo
885 669 1008 732 nostro
1029 666 1222 733 reddamus
1244 671 1331 736 socii

233 767 345 818 voce
369 747 571 835 praedura.
614 757 649 814 In
685 761 833 816 communi
870 760 1066 834 virginum.
1109 760 1221 818 Neale
1260 761 1328 838 Seq.

235 862 289 918 ι).
312 841 384 904 Ν.
406 859 424 898 e
445 841 561 900 Miuuli
583 842 768 902 Nidrosiensi
793 840 895 912 luit]

284 963 311 1022 l.
331 959 453 1018 Laudes
477 957 594 1017 debitas
616 960 679 1018 Deo
702 966 805 1018 nostro
828 961 1007 1031 reddamus,
1031 965 1117 1030 socii,
1147 980 1221 1020 voce
1243 982 1329 1039 prae-

281 1133 309 1191 2
329 1129 387 1201 Qui
409 1046 552 1187 &diluit
572 1127 732 1203 prudentia
752 1133 882 1188 omnium
905 1138 1109 1190 creaturernm
1132 1134 1261 1201 saecula,

281 1215 369 1274 3,Ἐέ
389 1213 479 1272 hodie
501 1231 569 1272 cum
591 1217 795 1280 sanctiasuis
820 1220 974 1275 coronavit
995 1220 1140 1292 virginem
1162 1219 1312 1293 inclytam.

282 1300 312 1358 l.
334 1300 369 1358 In
390 1300 528 1374 polorum
550 1298 671 1357 sedibus
693 1318 749 1375 per
766 1302 900 1375 palmam
923 1305 1064 1376 martyrii,
1087 1303 1132 1360 N..

283 1385 311 1444 5.
333 1384 419 1444 Unde
442 1384 585 1460 goudium
607 1390 639 1442 et
658 1386 773 1443 laetitia
795 1387 977 1444 coelestibus
1006 1388 1104 1445 choris
1128 1389 1235 1463 agitur,

283 1469 310 1530 d.
333 1469 606 1571 Atque'umalignus
631 1471 753 1545 spiritus
790 1473 888 1530 victus
915 1469 983 1529 inde
1013 1477 1171 1547 torquetur
1205 1478 1236 1531 et
1258 1490 1327 1530 con·

285 1639 313 1730 1.
336 1557 453 1781 liusq:¹¹¹
444 1559 559 1781 {1²1¹th
570 1655 660 1714 prece
686 1646 847 1715 menteque
879 1645 999 1700 conscia
1027 1642 1213 1717 postulemus
1242 1644 1329 1701 istius

282 1811 312 1870 8.
334 1741 614 1909 hmctissem‘orlglnis
645 1815 676 1865 et
704 1812 879 1879 inviolatae,
918 1813 1104 1881 carissimae,
1142 1812 1275 1870 dicemus
1298 1817 1329 1869 et

283 1981 322 2044 st:
335 1895 499 2055 h'gsslgd’
512 1980 678 2036 clarissima
700 1982 820 2054 sapiens
843 1981 952 2038 domini
974 1984 1069 2040 nostri
1092 1999 1212 2057 sponsa,
1319 1969 1333 2018 s

267 2067 312 2130 1⁰.
334 2065 468 2142 Fulgens
489 2066 567 2122 inter
589 2066 708 2140 agmina
730 2072 900 2123 sanctorum
923 2068 986 2135 Dei,
1011 2066 1036 2123 0
1057 2067 1104 2134 N„

265 2154 312 2214 1¹.
333 2151 481 2208 Altissimi
503 2149 601 2207 Patris
623 2150 727 2208 Filium
749 2170 804 2226 pro
826 2152 911 2210 nobis
934 2153 1039 2226 rogita,

265 2236 311 2296 ¹2
335 2235 394 2306 Qui
415 2235 531 2310 fingitis
554 2237 651 2292 carnis
673 2244 798 2311 propter
819 2255 874 2293 uos
896 2236 991 2293 induit
1012 2235 1155 2312 pondera,
1250 2287 1255 2298 .

266 2321 375 2382 taut
396 2323 427 2378 in
448 2325 628 2395 perpetuum
650 2319 736 2378 nobis
758 2321 911 2395 impendat
933 2324 1114 2395 sempiterna
1136 2339 1238 2396 regna,

267 2407 312 2466 ll.
336 2406 394 2464 Ubi
416 2408 607 2466 concinamus
631 2422 750 2479 semper
764 2408 964 2481 refulgentes:
988 2407 1125 2465 Alleluia

350 2523 397 2584 10.
420 2525 551 2581 Neale:
575 2525 670 2591 Liber,
694 2525 719 2578 0
742 2525 849 2582 Lucia:
877 2528 1005 2598 forsitan
1040 2526 1117 2599 quod
1140 2528 1171 2582 io
1196 2525 1329 2581 Ecclesia

265 2611 443 2668 Moeno
480 2610 511 2666 S.
534 2605 624 2666 zucra
655 2612 752 2683 prima
784 2619 855 2684 post
889 2615 1032 2686 inceptam
1062 2629 1168 2667 uanam
1203 2612 1329 2666 occumt

270 2696 363 2771 Virgo,
380 2697 469 2752 'carim
490 2697 643 2767 sequentia
664 2712 680 2749 e
705 2695 848 2760 wmrromi
874 2697 1021 2770 qua'oum
1042 2698 1165 2752 canitur.

345 2932 419 2998 603.
467 2919 645 3006 [Virgines
680 2926 802 2989 casiae
839 2920 990 3005 Virginis
1025 2941 1183 2988 summae
1220 2922 1327 2993 decus

266 3007 523 3094 praecinentes.
546 3015 580 3071 In
595 3015 749 3072 Communi
763 3016 958 3089 virginum.
980 3014 1104 3073 Neale.
1128 3014 1195 3087 Seq.
1218 3013 1327 3088 past

266 3101 415 3162 eMinnli
437 3099 619 3158 Tornacensi
644 3094 744 3170 1540]

286 3221 474 3296 1.,Virgines
512 3225 614 3276 castae
647 3217 776 3293 Virginis
815 3234 946 3274 summae
983 3216 1074 3274 decus
1110 3218 1328 3292 praecinentes,

315 3305 318 3312 '
415 3303 558 3362 caeteras
582 3321 703 3378 quoque
727 3302 891 3377 condignas
914 3302 1004 3359 laude
1040 3307 1110 3376 post
1140 3302 1218 3357 hanc
1240 3319 1330 3359 vene·

299 3418 301 3422 ·
417 3396 529 3457 rantes,
552 3388 679 3445 Psalmis
704 3393 734 3445 et
756 3387 875 3461 hymnis
899 3389 1022 3444 canticis
1046 3387 1143 3461 dignis
1161 3387 1216 3443 sibi
1239 3388 1330 3442 collo-

326 3522 333 3530 .
415 3478 557 3550 quentes,
582 3472 707 3530 Solvant
729 3475 758 3528 in
781 3474 848 3528 istis
872 3471 990 3529 debitae
1012 3470 1110 3528 laudis
1131 3471 1247 3528 hostias
1271 3472 1330 3527 sol·

413 3559 527 3617 lennes.

282 3645 310 3702 2.
333 3643 418 3701 Hae'c
441 3649 488 3701 est
510 3661 528 3700 a
551 3642 661 3698 dextris
691 3643 837 3698 assistens
869 3643 949 3716 regis
987 3642 1038 3697 illa
1069 3621 1202 3715 reginas
1225 3641 1332 3698 Iuncta

312 3795 314 3800 ¹
414 3730 509 3800 latere
533 3728 598 3784 sola
621 3744 687 3782 cum
709 3743 782 3800 rege
805 3725 960 3800 praecedit
982 3729 1064 3800 ipsa,
1100 3726 1215 3782 Aurata
1237 3728 1330 3800 vestis

256 3811 262 3818 ’
323 3880 325 3884 ,
414 3813 560 3871 varietate
584 3813 814 3868 circumamicta.
831 3811 986 3886 Tanquam
1008 3809 1172 3868 ductricem
1195 3814 1331 3886 sequitur

415 3899 496 3955 illam
519 3913 656 3972 quaeque
679 3895 777 3953 beata.

285 3982 311 4040 3.
334 3982 410 4040 Post
432 3999 498 4039 eam
520 3981 670 4038 adductae
693 3983 831 4055 Virgines
855 3980 981 4039 devotae
1002 3980 1079 4055 Regi
1110 3988 1180 4038 sunt
1201 3981 1328 4046 oblatae,

253 4075 256 4082 '
417 4065 547 4136 [Christo
570 4063 785 4134 consecrateel.
831 4066 919 4121 Tales
954 4072 1038 4123 eraut
1060 4066 1185 4142 Thecla,
1218 4064 1329 4138 Agnes,

294 4143 297 4152 ’
414 4153 566 4219 Katerina,
589 4151 727 4225 Agathos
750 4156 781 4207 et
803 4151 931 4210 Martha.

286 4238 426 4298 tritius
448 4237 520 4310 Tyri
541 4253 665 4293 munera
687 4238 828 4301 serentes,
851 4234 894 4306 Et,
910 4237 940 4300 in
961 4234 1008 4292 his
1029 4235 1120 4308 Regis
1143 4234 1258 4292 vultum
1281 4233 1332 4290 de·

415 4326 584 4396 precantes,
608 4322 731 4378 Hostias
753 4320 867 4386 habent
889 4322 1004 4378 cunctis
1026 4321 1171 4393 puriores,
1200 4319 1332 4393 Corpore

211 4382 223 4396 ἱ
264 4417 269 4424 “
298 4431 311 4486 Ι·
380 4439 383 4448 -
417 4406 560 4475 mnam,
583 4404 674 4464 corde
699 4406 875 4463 sanctores.
