3242 5134
357 539 463 606 ''fit-R
483 543 673 622 t'pdn't'n'ln
692 550 769 623 'q‘ni
811 549 841 606 Ἀ
864 548 898 605 Ρ.
916 548 976 606 Μο.
999 553 1146 606 restans
1167 549 1361 622 ,fraudibus

285 647 356 703 pro
378 633 525 707 peccati
545 631 772 691 videntibus.
818 634 1061 693 li.ll.cnnota
1090 636 1234 693 transit
1277 634 1359 692 Rs.

285 711 418 774 hostia
446 727 489 762 τε·
518 719 621 777 ostia
671 720 700 776 Ιι
730 720 790 775 Μο.
820 718 959 777 drama.
1004 719 1037 777 P.
1068 718 1175 776 dulce
1206 720 1279 778 tibi
1327 720 1360 777 R.

282 801 530 882 quodbeata
574 803 602 861 5.
634 803 666 859 P.
698 804 852 879 Helyas.
896 805 929 862 R.
962 805 1137 862 Helisaci.
1182 804 1360 880 Scripsimus

277 882 466 945 Helicae.

729 970 923 980 ----.-.-—...

376 1074 451 1134 582.
474 1062 604 1144 [Mater
625 1066 750 1132 cummi
773 1063 912 1132 domini.
956 1075 991 1132 In
1013 1074 1302 1150 Assumptione
1323 1069 1356 1132 B.

263 1153 311 1214 V.
365 1159 459 1218 Mone
480 1155 518 1218 IL
538 1178 567 1234 p.
593 1157 661 1218 155.
706 1156 768 1228 (Hs.
795 1178 832 1218 au
855 1158 945 1218 Gratz
969 1149 1047 1234 ΨΜ.
1074 1159 1120 1219 13.
1144 1154 1271 1236 Jahrh.)]

318 1278 432 1336 Mater
454 1279 560 1335 nummi
582 1277 691 1335 domini

318 1367 396 1421 sine
419 1368 503 1421 tactu
524 1365 641 1420 termini

318 1450 462 1507 salntem
483 1447 575 1505 donat
595 1450 719 1516 homini3

314 1534 439 1609 regina
461 1549 608 1607 generosa

313 1624 437 1675 natum
459 1620 585 1693 peperit,

314 1704 453 1760 hostem
476 1705 603 1759 conterit

314 1788 429 1845 Maria
451 1788 592 1862 gloriosa,

315 1875 435 1931 suavis
458 1878 490 1929 ct
510 1873 649 1930 formosa

271 2057 274 2062 ,
312 1989 464 2050 Pulchra
486 1992 572 2060 facie,

312 2080 421 2153 plena
444 2079 571 2152 gratiae,

317 2160 505 2237 congaudet
525 2164 610 2238 virgo
631 2164 691 2240 pia,

313 2233 482 2316 *Βεοτὸκρς
502 2245 606 2305 Maria

315 2366 439 2423 Matris
462 2382 592 2422 summae
613 2367 706 2423 filium

316 2451 463 2525 populus
485 2452 641 2524 gentilium

318 2537 439 2593 adoret
461 2542 492 2592 et
514 2555 572 2592 non
594 2538 693 2603 aliurn,

320 2621 382 2697 qui
405 2623 493 2694 lapsa
510 2623 669 2695 reparavit,
737 2647 740 2656 ¹

322 2715 418 2765 ovem
440 2704 596 2779 perditam,

322 2792 404 2866 lupo
427 2790 575 2859 traditam,

324 2893 423 2952 quam
442 2881 548 2949 pastor
568 2877 714 2944 liberavit,

326 2962 370 3018 ad
393 2978 519 3036 gregem
537 2964 712 3035 reportavit.

326 3081 463 3137 Pulchra
486 3086 542 3137 etc.

283 3263 285 3270 ,
328 3201 421 3260 Matri
444 3216 576 3278 surmnae
600 3200 695 3275 gloria

331 3285 421 3344 detur
443 3302 510 3342 cum
531 3285 655 3353 laetitia,

331 3388 408 3428 nunc
433 3375 527 3428 mater
550 3375 597 3426 est
619 3388 635 3426 c
656 3369 726 3437 tilia,

331 3457 448 3512 habens
470 3455 573 3511 florem
595 3453 727 3528 pudoris,

868 1282 972 1337 hostes
994 1280 1140 1346 vulneret,

868 1383 962 1439 agnos
986 1370 1152 1438 congregat

868 1452 897 1506 in
920 1451 1019 1506 aulam
1040 1449 1247 1523 redemptoris,

868 1537 962 1592 nostri
984 1535 1201 1609 gubernatoris.

867 1669 997 1728 Pulchra
1020 1675 1076 1726 ctc.

866 1839 994 1896 Matrem
1016 1838 1126 1896 Christi
1149 1835 1306 1905 credimus,

866 1927 943 1982 hanc
967 1942 1034 1981 csse
1058 1924 1262 1998 cognovimus,
1427 1913 1434 1920 ’

867 2028 957 2085 quam
978 2011 1007 2065 in
1030 2008 1135 2066 divinis
1159 2008 1295 2083 legimus,

866 2095 985 2152 Iudaeis
1008 2112 1066 2150 non
1088 2092 1215 2160 videtur,

867 2198 936 2236 nam
958 2178 1082 2253 perfidia

867 2270 897 2321 et
918 2263 1027 2321 invidia

865 2352 895 2407 in
919 2347 1057 2406 cordibus
1079 2347 1216 2415 habetur,

826 2439 832 2448 ⁴
869 2436 906 2491 ab
929 2435 976 2490 his
998 2451 1057 2490 non
1079 2439 1255 2492 removetur.

867 2553 996 2610 Pulchra
1019 2559 1075 2609 etc.

865 2707 963 2763 Matre
986 2706 1096 2762 Christi
1118 2707 1224 2763 teritur

865 2792 961 2847 hostis
985 2797 1014 2847 et
1030 2791 1203 2858 destruitur,

865 2877 1012 2949 decipitur
1034 2881 1065 2931 et
1086 2877 1222 2942 vincitur,

868 2980 923 3018 nos
946 2966 1045 3017 autem
1066 2960 1240 3016 liberamur:

870 3064 942 3121 ergo
965 3046 1055 3103 lectio

868 3150 935 3187 curn
957 3129 1086 3206 tripudio

865 3219 993 3291 legatur,
1017 3216 1236 3290 deprecamur,¹

867 3319 969 3357 omnes
992 3302 1241 3376 congratulamur.

866 3454 996 3511 Pulchra
1019 3460 1075 3511 etc.

372 3573 463 3644 Mone
485 3574 504 3628 l.
529 3591 571 3629 c.:
602 3574 661 3630 Der
691 3574 810 3630 Schluss
839 3573 985 3630 4144.
1014 3576 1144 3642 demetat,
1175 3574 1243 3631 dass
1265 3574 1359 3630 dieses

295 3651 361 3715 ted
379 3673 433 3716 ror
454 3657 506 3714 der
519 3657 635 3732 lernau
658 3657 766 3723 (lectio)
790 3658 842 3716 der
854 3659 1062 3733 Eoonqeliums,
1081 3675 1228 3733 pesunqen
1250 3660 1356 3725 acarde,

298 3743 351 3800 atro
380 3746 446 3801 cine
475 3744 606 3817 Sequens
635 3747 689 3811 ist,
719 3745 774 3799 mic
802 3747 839 3800 im
873 3745 949 3800 Titcl
975 3744 1061 3803 steht.
1110 3745 1214 3801 Sclctc
1243 3745 1357 3810 dieder,

298 3830 395 3885 melete
417 3848 462 3885 am
485 3830 621 3885 Schlnrre
643 3830 698 3885 den
725 3829 891 3903 Uebcrqcnq
916 3846 952 3884 zu
975 3829 1029 3885 den
1044 3832 1199 3886 Lectionen
1223 3830 1274 3886 des
1293 3830 1359 3885 Got-

299 3914 463 3970 tesdr'enstes
478 3917 628 3988 acccipere,
651 3932 748 3969 maren
764 3903 794 3969 iia
808 3913 989 3969 Fronlcreict
1003 3916 1201 3987 pebrc'r'ncdlicl
1209 3958 1215 3970 .
1230 3942 1271 3950 -
1290 3916 1359 3970 Mun

298 3998 422 4055 lmnlee
444 3999 475 4055 in
490 3999 603 4056 diesem
625 3999 713 4055 Liedc
744 4000 791 4054 dic
812 3999 942 4072 Astape,
972 3998 1040 4055 dosa
1060 4001 1133 4071 jede
1155 3999 1280 4076 Strcpdc
1309 4001 1361 4054 neit

299 4091 383 4139 noter
412 4084 553 4157 uastant,
584 4081 630 4140 dic
659 4086 724 4140 drci
753 4091 850 4139 ersten
872 4084 920 4139 ihr
941 4084 996 4139 den
1019 4086 1177 4140 Beincmen
1198 4099 1306 4139 summo
1329 4086 1359 4139 tn

299 4168 511 4225 onrckiedmcr
526 4170 692 4243 Beziedunq
714 4171 815 4241 ychen,
839 4168 899 4224 und
921 4168 999 4225 diere
1022 4172 1051 4225 in
1067 4171 1121 4225 den
1138 4169 1238 4225 beiden
1255 4170 1359 4224 letzten

301 4250 382 4310 durch
408 4254 514 4312 Christi
536 4255 650 4310 crlclc'trt
670 4254 749 4310 wird.
