3242 5134
771 476 841 551 ΙΙ

355 663 385 720 t.
408 661 437 720 5.
459 662 568 720 1155153
606 660 773 729 Allutlitur,
811 667 842 718 et
863 663 963 718 forsan
994 663 1082 719 nimis
1111 660 1273 730 audacter,

271 747 363 804 Exod.
386 749 443 805 xvi.
466 747 514 806 2⁰.
549 747 643 804 Simili
664 746 753 804 modo
776 748 911 821 Hymnus
935 749 1081 822 sequioris
1105 748 1188 804 aori:
1227 747 1274 804 Fe«

272 833 366 907 Regis
388 848 529 906 purpura,
553 831 650 902 Quam
658 831 741 889 rudis
751 849 856 888 manus
879 834 971 898 tinxit,
995 829 1274 890 calonisestlaocn

271 918 338 974 Nou
361 919 444 975 cocci
464 919 575 975 vermis
597 919 689 975 tinxit
712 916 770 988 Qui
793 918 880 984 dixit,
903 915 969 991 ligo
990 918 1106 974 Vermis
1127 929 1209 984 sum,
1235 915 1274 974 Or

274 1004 362 1060 tinxit
384 1004 547 1059 coccinum.

358 1117 399 1177 Μ.
423 1121 534 1178 nobis
557 1126 693 1179 natum
716 1119 818 1177 Codex
838 1120 946 1176 Monii:
972 1121 1094 1178 salvat
1114 1121 1176 1177 Mo.
1201 1119 1274 1177 sol⁴

361 1340 432 1399 555.
457 1330 570 1410 [Felix
591 1332 745 1397 mundus
768 1352 815 1398 esc
837 1331 924 1418 coeli
947 1331 1082 1397 lumine.
1120 1342 1164 1399 De
1189 1342 1218 1401 s.
1235 1342 1274 1399 Ar

275 1426 318 1482 Ex
325 1425 441 1483 Missali
450 1427 654 1501 Strongueusi.
667 1425 1032 1500 EcclesiologistXCVHl.
1044 1426 1108 1484 Oct.
1121 1428 1210 1487 1853.
1225 1446 1256 1502 p.
1270 1432 1274 1488 l

504 1547 529 1604 l.
557 1545 639 1601 Felix
661 1544 789 1601 mundus
813 1562 848 1600 ex
871 1544 947 1601 coeli
968 1545 1077 1601 lumine

563 1630 641 1687 Mira
660 1647 800 1703 prorsum
822 1631 851 1686 ln
873 1629 1032 1686 altitudine

631 1716 680 1772 Ι)5Ι
699 1713 855 1771 stellarum
878 1714 980 1771 ordine

633 1799 765 1873 Fulgens
786 1798 1018 1873 pulchritudine.

502 1920 530 1978 2.
563 1918 661 1994 Magis
684 1918 752 1975 felix
775 1918 878 1973 Annae
901 1919 1053 1991 progenie,

561 2006 606 2061 De
629 2020 689 2079 qua
710 2008 797 2060 natae
820 2008 882 2060 tres
906 2003 1034 2060 Sanctae
1055 2004 1148 2061 Filiae
1237 2028 1239 2031 ⁴

633 2089 722 2145 Clara
742 2090 870 2162 gignunt
885 2087 993 2155 sidera,

633 2175 784 2249 Antraque
807 2172 958 2230 stellifero.

504 2295 532 2354 3.
560 2293 659 2351 Primo
681 2293 761 2368 parit
782 2292 908 2348 Mariam
932 2293 1075 2348 coelicam

565 2378 648 2448 Quae
670 2379 838 2452 praecessit
859 2380 949 2435 uitam
971 2371 1146 2452 angelicam,

634 2461 757 2519 Floreus
781 2479 852 2518 arca
867 2462 991 2535 gratiae,

634 2545 790 2620 Templum
811 2546 905 2621 Regis
928 2546 1050 2619 gloriae.

503 2669 532 2726 4.
564 2668 647 2725 Haeo
669 2683 758 2741 quam
780 2667 861 2722 Deus
885 2667 1016 2723 servavit
1037 2666 1198 2741 Virginem,

563 2753 672 2810 Verum
694 2751 788 2807 Deum
809 2751 889 2823 parit
911 2755 942 2807 55
963 2751 1129 2820 Hominem,

636 2826 955 2909 Coelum'sapientiae,

637 2920 797 2996 Solemque
820 2921 959 2978 iustitiae.

505 3041 533 3101 5.
566 3041 622 3098 llic
644 3038 816 3115 praedulcis
838 3040 869 3096 in
891 3056 946 3095 suo
969 3042 1113 3116 sanguine

445 3126 447 3132 '
563 3127 625 3183 Nos
650 3124 789 3199 expulsos
812 3125 885 3181 lavit
907 3142 927 3204 5
947 3126 1080 3193 crimine;

633 3210 790 3284 Adoptaus
812 3210 843 3265 in
864 3209 950 3275 filios,

633 3296 672 3356 Et
692 3295 789 3369 Regni
812 3296 976 3353 consocios.
1050 3318 1056 3327 ·

504 3416 533 3475 5.
563 3416 679 3471 lustum
701 3415 780 3487 parit
800 3412 941 3470 Iacobum
964 3413 1066 3482 altera,

565 3500 685 3573 loseph,
707 3497 821 3566 Iudam,
846 3499 1004 3571 Symonem
1028 3501 1122 3557 socia:
1231 3516 1234 3522 ·

635 3585 722 3640 Viros
745 3584 938 3657 apostolicos,
1026 3639 1029 3644 ,

637 3669 754 3727 Virtute
776 3670 960 3743 magnificos.

499 3787 533 3849 ’7.
562 3789 638 3846 Hinc
660 3785 755 3846 Maria
775 3790 919 3845 maiorem
939 3786 1081 3844 Iacobum

567 3873 702 3950 Sequens
723 3875 811 3948 parit,
835 3874 1035 3948 Ioannemque
1056 3873 1197 3948 probum:

633 3958 697 4030 Qui
710 3958 822 4015 Christi
844 3960 998 4015 mirificum

636 4039 763 4117 Scripsit
784 4043 987 4120 Evangelium.

508 4148 537 4205 8.
571 4145 657 4203 Anna
676 4146 732 4204 liei
754 4150 800 4202 tot
820 4145 973 4204 beneficiis

568 4231 750 4307 Oouiugatos
772 4231 870 4303 praeit
892 4236 922 4287 et
944 4225 1061 4305 gratiis3

633 4314 691 4371 Tot
715 4315 810 4373 stellis
832 4316 972 4373 novitiam

501 4398 511 4406 ’
633 4400 943 4486 maurocenum.
