3242 5134
510 657 538 714 5.
555 655 665 713 Christi
673 655 1045 732 Martyrhauccohortem
1072 694 1074 698 «

553 740 611 799 Pro
634 759 695 816 qua
717 741 835 800 subiisti
857 745 990 809 mortem,

595 827 691 900 Iunge
714 827 791 885 coeli
815 827 945 884 civibus:

553 912 737 969 Delictorum
758 930 814 979 nos
838 929 856 967 a
878 912 960 967 faece

553 996 618 1054 Tua
637 991 735 1073 purga
758 1002 863 1054 sancta
886 1012 985 1069 prece,

594 1081 717 1139 Cunctis
741 1086 771 1138 et
794 1100 811 1138 a
835 1080 981 1138 sordibus.

714 1263 915 1272 u--a--nu—

365 1388 437 1446 562.
479 1376 587 1455 [Voce
620 1379 731 1444 doleia
766 1381 946 1446 melodiae.
990 1388 1034 1445 De
1065 1388 1094 1444 s.
1119 1387 1274 1443 Heleno
1304 1386 1350 1443 Vi

286 1472 343 1530 dua
364 1473 506 1545 Martyre.
545 1473 666 1537 (XXXI.
690 1471 755 1539 Iul.)
798 1474 960 1531 EMissali
981 1473 1161 1547 Upsaliensi.
1208 1471 1350 1528 Ecclesii:

283 1559 375 1631 logist
399 1558 444 1615 cl.
467 1558 551 1631 April
578 1558 666 1616 1851.
689 1577 717 1632 p.
746 1556 826 1626 nu]

287 1678 311 1733 1.
327 1677 407 1733 Voce
431 1676 526 1733 dulcis
549 1676 694 1733 melodiae
818 1679 845 1734 3.
862 1677 1011 1733 Martham
1033 1676 1159 1750 praebet
1182 1693 1215 1733 se
1239 1673 1307 1743 diei,

324 1762 507 1818 Veneremur
529 1764 558 1817 iu
581 1762 639 1818 hac
663 1762 711 1818 die
758 1794 760 1798 ν
801 1768 804 1774 ’
863 1762 923 1818 Sed
939 1762 1063 1817 Mariam
1086 1762 1203 1837 requiei

323 1847 456 1904 Helenae
479 1848 650 1903 sollemnia:
862 1845 1098 1919 contemplando
1121 1852 1276 1919 tempore;

325 1931 407 2001 Quae
429 1938 500 2006 post
522 1950 627 1988 cursus
648 1933 736 1989 huius
752 1935 817 1990 viae
862 1934 937 1989 Dum
960 1951 1017 1988 non
1041 1933 1114 1989 fovit
1136 1932 1243 1987 hostes
1267 1931 1319 1993 Dei

323 2018 405 2074 Felix
428 2016 475 2073 die
498 2018 631 2074 theoriae
765 2010 767 2012 ⁵
860 2019 923 2080 Ioel
945 2035 1019 2073 uxor
1042 2022 1090 2073 est
1112 2013 1241 2082 Cenaei3

324 2103 436 2177 Migrat
459 2101 497 2158 ad
520 2104 635 2175 solatio.
860 2102 1059 2177 Prophetans,
1083 2118 1138 2175 par
1160 2099 1324 2157 Debborae.

186 2276 189 2279 .
284 2224 312 2279 2.
330 2222 412 2279 Haec
436 2209 573 2279 Rebecca
595 2215 651 2279 flos
675 2222 802 2289 decoris,
820 2223 847 2280 4.
865 2222 1055 2277 Alabastrum
1079 2221 1310 2278 comminutum·

291 2342 294 2348 ·
324 2307 407 2362 Hanc
419 2306 605 2364 commendat
618 2307 727 2375 cordis,
744 2309 814 2373 oris,
860 2308 1007 2380 Fragrans
1031 2304 1106 2362 fudit
1118 2307 1178 2364 vim
1201 2307 1350 2362 virtutum:

323 2392 439 2447 Morum
474 2391 634 2466 pudicitia3
860 2393 899 2448 Ut
920 2391 1049 2464 probant
1071 2390 1232 2448 miracula:

295 2530 298 2535 .
323 2476 472 2532 Absoluta
494 2478 548 2533 riri
571 2478 644 2533 toris
860 2477 975 2533 Coe'cus
998 2474 1089 2542 videt,
1114 2480 1202 2532 etos
1226 2479 1350 2543 mutuor

326 2561 454 2633 Sprevit,
478 2567 511 2617 ut
532 2560 642 2629 Iudith,
667 2562 776 2617 amoris
860 2562 1006 2636 Loquitur
1028 2560 1066 2617 ad
1090 2562 1154 2617 eius
1178 2564 1293 2627 nutum,

326 2645 461 2702 Cornelis
484 2646 639 2703 connubia.
858 2646 974 2719 Leptae
998 2645 1077 2703 sedit
1100 2645 1225 2702 macula.
1329 2712 1350 2720 ,

526 2766 553 2823 5.
592 2765 616 2821 0
641 2765 806 2821 Suevorum
829 2764 985 2832 advocata,

585 2849 683 2906 Posce
705 2852 774 2918 reis,
797 2857 831 2907 ut
854 2857 975 2907 sensata

586 2935 750 3000 Thecuitis,
774 2937 918 3010 gratiam

585 3022 653 3087 Fac,
678 3024 711 3076 ut
733 3020 852 3087 Hester,
878 3021 997 3080 elevata

584 3107 624 3163 Ut
647 3123 722 3179 gens
745 3110 798 3161 tue
821 3107 883 3161 Deo
907 3110 995 3180 grata

584 3191 739 3247 Mereatur
761 3191 895 3264 gloriam.
977 3196 979 3206 ’

368 3328 393 3382 1.
407 3326 484 3383 Eccl.
511 3344 592 3401 qua.
624 3327 695 3383 Dies
721 3327 854 3404 theoriae
877 3329 894 3383 i.
910 3344 943 3384 e.
967 3326 1032 3383 dies
1055 3328 1158 3383 mortis
1182 3326 1350 3401 quaDeuu

280 3412 425 3483 conspicit
447 3429 546 3486 neque
570 3412 696 3486 amplius
719 3414 749 3468 in
771 3413 949 3486 aenigmate.
994 3412 1022 3470 4.
1042 3412 1158 3468 Eccles.
1197 3412 1275 3468 With
1298 3412 1350 3466 ilis

280 3514 322 3551 me
345 3513 408 3569 way
427 3514 560 3571 compare
583 3498 631 3553 tice
653 3498 798 3569 beautisiil
818 3498 934 3572 epitaph
956 3498 994 3569 of
1006 3498 1160 3554 Gundredo
1175 3498 1212 3553 cic
1226 3492 1350 3553 'Worm

280 3582 311 3635 in
341 3581 501 3637 Soutbooer
531 3582 655 3648 Choreb,
695 3582 787 3639 which
815 3582 905 3649 (oieb
933 3584 980 3638 the
1005 3584 1063 3639 late
1092 3583 1142 3637 Dr.
1174 3581 1267 3637 Mille
1295 3583 1350 3652 fiir·

280 3659 480 3740 emendation)
513 3685 599 3724 ruas:
627 3667 721 3724 sexta
754 3668 941 3725 alendarum
968 3668 1046 3724 Ionii
1074 3669 1126 3725 lua
1153 3668 1236 3723 olivio
1256 3666 1350 3721 ommi.

280 3751 480 3823 Intequmeota
512 3754 564 3825 pie
588 3754 699 3819 ¹solvit,
734 3754 885 3826 freqitqae
913 3754 1098 3822 alabastrum.
1142 3751 1350 3820 Thecuitie

281 3836 309 3892 2.
334 3836 411 3894 Sam.
436 3833 484 3904 14,
509 3836 537 3893 2.
1215 3863 1219 3869 ²
1295 3847 1298 3853 '

367 4054 438 4115 563.
464 4044 632 4126 [Sur-mm
653 4048 765 4115 corda
790 4048 993 4133 diriyamue.
1018 4057 1061 4113 Dc
1085 4056 1113 4114 S.
1137 4056 1350 4131 Gumpe'rto·

279 4142 369 4199 Mone
396 4141 447 4201 111
474 4148 504 4216 p.
535 4142 606 4201 333.
664 4141 743 4208 (Aue
780 4142 1016 4218 geschriebenen
1046 4142 1195 4200 Zusiitoeu
1226 4143 1258 4200 in
1288 4141 1350 4197 deu

277 4225 480 4303 Wiirzburger
509 4226 675 4283 Messbuch
704 4246 763 4284 von
789 4228 872 4287 1484
901 4228 930 4284 in
954 4226 1086 4303 dortiger
1108 4226 1340 4301 Bib1,Gumper

237 4357 240 4362 .
275 4328 340 4367 wer
366 4308 420 4367 der
448 4311 560 4368 Patron
587 4310 641 4372 der
670 4310 861 4388 Stistskirchc
890 4330 926 4369 zu
948 4312 1103 4388 Anspach,
1133 4312 1230 4368 wofur
1253 4309 1350 4369 dieser

272 4396 351 4453 Lied
373 4390 708 4471 gemacht<wurde.)l„
760 4466 763 4470 ,
1202 4418 1205 4424 ·
