3242 5134
294 681 431 736 sagmas:
454 660 584 720 ‘Galuad
616 680 739 719 aceruus
769 663 866 717 testis:
910 677 1031 718 uum
1062 661 1236 720 mmo.-
1269 665 1360 718 usse
1388 683 1464 698 ·-

294 750 428 822 miqratio
465 744 640 804 testimonii!
677 747 763 820 Hauc
796 746 832 801 de
855 746 884 802 S.
920 746 989 804 Vror.
1025 746 1063 804 do
1096 746 1187 802 Filia·
1209 745 1361 820 saraae:
1386 763 1438 801 ·..

296 830 432 899 ‘Galaad,
463 833 615 899 abiiciens,
651 835 713 889 siue
744 828 954 890 testimouium‘
998 830 1063 906 Ego
1090 848 1162 890 mc
1183 834 1301 905 poem
1321 832 1360 885 ito
1403 849 1464 887 u

294 917 441 991 intelligo,
478 925 512 973 ut
546 918 582 972 de
614 924 782 973 coacmuato
813 917 976 972 testimonio
1011 922 1156 974 tantem
1189 914 1360 987 Marivm,
1405 941 1464 983 <a

294 1002 353 1065 (cst
374 1005 447 1058 enim
471 1002 506 1057 de
522 1004 659 1077 plurimis
681 1002 862 1075 Martyribus
875 999 983 1064 Prota)
1005 1001 1117 1058 locatim
1137 1001 1241 1073 licerit
1283 998 1361 1056 rla-
1397 1027 1464 1038 —

293 1086 466 1144 bastrum.
511 1087 672 1143 Alabastro
706 1086 803 1143 carnis
826 1103 881 1159 per
910 1087 1086 1159 martyrium
1113 1084 1240 1142 effracto
1261 1083 1363 1142 effudit
1388 1091 1464 1141 :f

295 1188 327 1228 se
351 1172 498 1246 evangeiii
521 1173 662 1229 suavitas.
707 1170 734 1228 5.
758 1171 842 1227 Cum
871 1188 934 1229 sos
963 1170 1188 1228 reformatis
1217 1168 1361 1228 bullam
1394 1195 1464 1232 -.i

293 1255 399 1313 Placet
420 1256 524 1312 Nealio
547 1255 686 1312 Trenchii
719 1256 885 1330 explicatio.
930 1253 1033 1326 „Duas
1063 1258 1169 1328 partes
1190 1253 1362 1332 Dominicae
1382 1271 1464 1311 ε

293 1340 446 1398 Passionis
470 1342 574 1398 luisse:
614 1339 821 1407 medullam,
853 1342 916 1397 sive
944 1339 1115 1397 interiorem
1137 1354 1199 1422 qua
1220 1339 1302 1412 vicit,
1323 1366 1464 1377 ——

293 1424 443 1493 bullam,
478 1429 541 1483 sive
580 1428 769 1497 exteriorem,
805 1441 865 1499 qua
898 1428 1025 1480 mortem
1046 1441 1156 1498 passus
1179 1427 1238 1482 est.
1280 1423 1464 1481 Hauco

294 1509 470 1567 Passionem
493 1511 544 1567 SS.
567 1511 716 1583 Martyres
739 1509 864 1577 imitari,
887 1510 937 1567 rel
958 1503 1189 1567 reformare.“
1234 1508 1278 1566 At
1305 1526 1464 1566 noun

293 1593 391 1661 video,
415 1613 474 1668 quo
497 1594 585 1650 modo
607 1595 716 1651 bulla
737 1596 836 1668 possit
860 1595 1029 1669 significare
1053 1596 1234 1652 exteriorem
1247 1597 1464 1670 partem

294 1678 460 1736 dominicae
489 1681 647 1754 passionis.
698 1679 809 1735 Bulla
831 1680 890 1736 hoc
922 1680 989 1736 loco
1012 1677 1164 1753 significat
1183 1683 1220 1735 ut
1247 1696 1464 1754 semper-11

296 1764 500 1840 syngrapham
523 1766 571 1821 vel
594 1765 826 1839 chirographum
849 1766 929 1821 cruci
952 1765 1073 1821 affixum
1101 1764 1220 1821 Coloss.
1254 1763 1296 1832 11,
1317 1764 1464 1821 tii-³1

295 1849 423 1906 Sensus:
455 1849 695 1924 chirographum
727 1848 808 1923 quod
831 1848 976 1906 adversus
998 1854 1177 1923 peccatores
1195 1847 1464 1917 est,·dele--

294 1938 357 1990 tum
386 1940 417 1990 et
439 1937 521 1991 cruci
550 1933 715 1994 dominicae
737 1934 871 1998 affixum:
902 1939 933 1991 et
966 1950 1033 1991 cum
1055 1935 1234 1992 Sanctorum
1248 1935 1464 2009 ''passio-n>

295 2036 330 2075 ex
352 2017 439 2074 Pauli
469 2021 619 2076 sententia
649 2017 868 2093 quodammodo
899 2020 1040 2093 suppleat
1060 2021 1234 2095 passionem
1254 2015 1464 2076 chrisrizi

294 2104 343 2162 vel
365 2106 430 2177 ipse
447 2104 583 2161 Christus
604 2106 740 2177 patiatur.
759 2105 788 2159 in
811 2104 930 2161 Sanctis
953 2106 1029 2172 suis,
1053 2106 1144 2161 etiam
1167 2103 1267 2161 denuo
1290 2118 1464 2161 mar-‘⁴

241 2241 244 2246 .
293 2193 393 2263 tyrum
415 2190 560 2245 frontibus
584 2194 617 2245 ut
638 2190 680 2245 ita
703 2188 799 2245 dicam
822 2189 955 2265 adigitur
976 2189 1051 2247 illud
1073 2189 1317 2300 chirographum.

382 2458 452 2516 686.
492 2448 637 2525 [Beatus
673 2451 729 2516 lu'c
750 2470 880 2517 serem
904 2470 1005 2539 quem
1027 2452 1265 2519 cumvenerit
1284 2437 1360 2520 Do·
1363 2474 1464 2500 α’·

293 2534 420 2599 mititte.
464 2543 508 2598 De
531 2561 590 2599 uno
614 2544 841 2604 confessore.
864 2546 955 2607 Thes.
976 2544 1013 2604 ii
1035 2539 1163 2620 palm
1249 2567 1253 2572 ·

380 2814 451 2872 687.
498 2802 574 2883 [llic
603 2802 712 2872 oculis
743 2811 777 2872 el
799 2805 994 2875 munitus
982 2827 1020 2875 m
1050 2751 1191 2876 rochia
1237 2805 1283 2875 De
1304 2834 1360 2874 nno
1406 2810 1464 2852 ί

295 2899 598 2957 Confessorevel
632 2899 669 2957 de
697 2900 1000 2963 Oculessoribus
1044 2893 1133 2960 Thes.
1156 2899 1361 2978 11...·p.17t
1422 2925 1458 2942 1

293 2983 383 3041 Mona
405 2984 456 3042 Ill.
479 3004 507 3059 p.
533 2986 602 3044 155
633 2985 695 3052 (Hs.
727 2985 780 3041 des
803 2987 1005 3045 historischen
1028 2987 1151 3058 Vereins
1173 3005 1211 3060 au
1233 2986 1464 3064 Klagen·

295 3068 356 3125 furt
380 3069 427 3128 15.
451 3064 578 3141 Jahrh)]

358 3187 414 3244 Hic
437 3189 531 3245 oculis
554 3205 589 3245 ac
604 3188 739 3245 manibus
890 3191 987 3267 Igitur
1008 3197 1039 3249 te
1061 3143 1197 3248 cuncti·-
1264 3224 1270 3230 -

356 3274 387 3329 in
409 3274 525 3329 coelum
892 3278 1054 3351 poscimus,
1076 3275 1184 3344 ort,-
1214 3323 1218 3330 .

356 3362 387 3414 et
409 3360 480 3414 totis
503 3361 615 3417 viribus
887 3363 994 3437 utqui
1015 3362 1109 3418 multa
1129 3361 1205 3419 mira
1235 3431 1238 3435 Ι

355 3459 521 3517 suspensus
891 3447 940 3504 hic
962 3445 1129 3515 ostendisti,

312 3526 331 3583 5
355 3532 474 3585 terrena
497 3535 605 3586 cuncta
626 3533 756 3605 respuit;

353 3646 425 3702 Eius
449 3649 492 3703 ori
515 3666 666 3723 nunquam
830 3650 867 3709 15
889 3650 986 3707 Etiam
1000 3647 1037 3707 de
1058 3650 1133 3707 coelo

354 3729 491 3787 Christus
514 3733 618 3802 abfuit,
877 3724 1018 3810 'gratiam
1041 3733 1153 3800 Christi
1276 3733 1280 3738 ’

355 3816 418 3871 sive
440 3817 562 3887 iustitia,
892 3819 979 3877 nobis
1002 3820 1173 3896 supplicatu

351 3902 401 3958 vel
422 3902 566 3977 quidquid
589 3903 751 3962 adversm
832 3925 837 3932 ·
888 3910 939 3962 tuo
963 3922 1082 3980 semper
1102 3903 1252 3963 infundas.

293 3986 332 4045 10
354 3987 445 4044 vitam
467 3990 606 4062 pertinet.
1156 3997 1163 4004 '
1240 3991 1246 4020 ·''
1298 3997 1303 4004 “

725 4119 927 4131 *...-.....—

374 4225 444 4284 688
495 4214 611 4295 [Felix
630 4217 719 4281 vanu
738 4217 794 4285 laic
826 4216 1021 4304 corssenor.
1065 4228 1111 4285 De
1130 4245 1192 4286 uno
1215 4181 1365 4286 conses-

290 4325 373 4364 sore
394 4325 454 4365 non
475 4307 627 4366 Pontifice.
671 4308 829 4368 Ecclesiol
851 4312 981 4372 XCVIII
1006 4311 1422 4432 Octhr.18h8.p.856

289 4393 444 4451 emissan
467 4388 682 4470 Strengnensi.]
