3242 5134
750 439 794 556 'e

235 671 343 748 Kdniq·
367 671 397 727 in
431 665 624 739 Frankreim
658 669 790 745 Huponir
822 670 920 747 Capeti
949 673 1041 744 totu,
1077 677 1210 752 pemacdt
1237 682 1305 739 dut:

237 755 573 832 sanctiminiatis),
595 755 671 832 legit
692 755 885 831 Sequentiam
905 759 935 815 in
950 758 1065 823 Missat
1081 757 1304 828 sarisburiensi.

236 844 267 903 2.
291 840 532 901 habitacula.
574 841 603 899 A„
625 841 797 900 omnium.

307 960 358 1018 'In
379 978 438 1018 uno
468 957 571 1019 codiee
599 961 692 1019 Monii
722 960 785 1028 (Hs.
810 979 868 1020 von
891 961 933 1021 St.
956 962 1047 1022 Peter
1071 967 1117 1024 14.
1140 965 1245 1030 Jahrh.
1267 991 1303 1032 un

198 1115 201 1120 ¹
236 1045 412 1114 Karleruhe)
434 1046 539 1104 titulus
563 1047 741 1123 sequentiae
767 1045 957 1122 adsignatur:
981 1049 1260 1112 Occidentana

333 1131 457 1189 Carmen
485 1137 569 1189 reete
603 1134 775 1189 intercisum
805 1137 836 1189 et
865 1131 991 1191 divisum
1022 1133 1153 1195 ostendit
1180 1139 1303 1200 Nealius

235 1238 266 1296 p.
295 1218 333 1277 1⁴
348 1235 393 1293 tq.

323 1334 412 1408 Quod
433 1336 479 1394 ed.
493 1353 578 1394 usum
601 1336 746 1395 eeclesiae
769 1344 932 1395 memoratu
955 1341 1078 1397 maxime
1101 1340 1224 1417 dignum
1245 1349 1302 1410 est,

237 1422 322 1501 quod
342 1421 428 1482 nobis
441 1424 670 1480 communicavit
682 1422 819 1479 Nealiua:
842 1424 887 1480 De
908 1425 967 1481 ista
984 1424 1149 1500 Sequentia
1169 1428 1212 1484 ita
1233 1430 1303 1487 mis·

237 1510 303 1568 eale
316 1508 514 1566 Pallantinum
536 1505 712 1574 (Paleneia):
757 1508 899 1566 Sacerdos
920 1512 1023 1585 incepit
1038 1529 1157 1586 prosam
1179 1532 1303 1587 sequeu-

237 1607 304 1662 tern,
327 1595 439 1652 diem:
462 1594 562 1651 Sancti
583 1594 711 1668 Spiritus
733 1594 810 1651 adsit
831 1597 912 1652 uotis
925 1598 1037 1669 pratia:
1059 1614 1127 1654 moto
1148 1600 1303 1657 columbum

236 1682 348 1748 albem,
378 1698 461 1755 qum
489 1680 618 1736 manibus
640 1686 725 1747 tenet,
748 1682 778 1736 in
799 1681 918 1737 sublime
939 1683 1029 1738 mittit
1055 1688 1085 1739 et
1112 1686 1210 1740 statim
1231 1686 1303 1760 put·

235 1775 343 1827 santur
364 1781 518 1842 carnpam
539 1770 569 1820 ct
590 1783 699 1838 upana
721 1772 751 1821 et
771 1768 865 1822 omnia
886 1768 995 1823 musica
1019 1769 1219 1825 iustrumenta.
1263 1771 1305 1827 Et

236 1853 345 1910 cluam
366 1850 520 1927 respondet
540 1860 571 1907 et
585 1852 788 1926 prosequitur:
813 1849 897 1919 Quae
921 1849 1012 1908 eorda
1034 1858 1137 1910 nostra
1159 1858 1216 1911 ete.

324 1970 434 2029 Ultima
453 1970 589 2027 carminis
612 1968 736 2043 stropha
759 1976 1005 2027 commemoratur
1027 1970 1108 2045 apud
1129 1974 1303 2046 posterioris

236 2057 307 2116 aevi
329 2057 500 2131 scriptores,
538 2056 588 2130 qui
625 2054 747 2112 eaedem
775 2055 856 2112 illam
878 2053 1005 2112 Goslarii
1027 2071 1052 2113 a
1079 2056 1158 2115 1063
1194 2057 1304 2116 factam

235 2145 321 2202 miris
343 2141 460 2210 tabulis,
483 2142 602 2227 coaevis
625 2142 741 2196 omnino
763 2142 883 2214 ignotis,
907 2138 1090 2215 distinguere
1106 2145 1204 2200 eonati
1226 2148 1303 2202 sunt.

236 2227 286 2288 Ita
307 2229 382 2304 legit
396 2227 573 2286 Heineeeius
595 2225 715 2300 Antiqu.
731 2224 839 2282 Gosiar
860 2244 888 2299 p.
913 2225 962 2284 72.
986 2227 1015 2281 in
1038 2225 1192 2285 annalibus
1214 2246 1304 2286 mem-

236 2313 409 2372 branaceis:
440 2311 582 2371 Henricus
603 2311 670 2368 Rex
691 2311 845 2369 redemerit
866 2313 974 2368 curiam
996 2314 1026 2367 iu
1051 2311 1153 2370 Gestar
1175 2315 1205 2369 in
1225 2316 1305 2386 festo

237 2401 426 2476 Pentecosten
448 2406 479 2454 et
498 2399 559 2474 ipso
581 2396 628 2453 die
649 2405 714 2453 orta
736 2401 781 2452 est
801 2398 926 2454 maxima
947 2395 1051 2453 seditio
1082 2398 1128 2454 tric
1156 2400 1187 2454 iu
1208 2417 1304 2457 mona·

236 2486 329 2566 sterio
357 2486 434 2541 inter
450 2484 599 2559 principes
621 2488 650 2537 et
670 2482 754 2556 Bupo
783 2481 1048 2539 Hatderstadr'ensis
1075 2481 1172 2558 Epist.
1190 2489 1220 2540 et
1230 2483 1303 2541 Dete

238 2588 334 2629 corner
354 2569 515 2636 Palatinus,
538 2569 588 2641 qui
609 2567 689 2626 dedit
708 2568 775 2623 duic
796 2568 934 2624 ecclesiae
955 2568 1027 2624 dona
1049 2569 1079 2623 iu
1102 2556 1254 2626 Slaustede
1276 2575 1307 2625 et

238 2655 411 2722 Dederdece,
434 2655 598 2728 interempti
624 2658 694 2709 sunt
721 2658 752 2709 et
776 2653 828 2709 elii
857 2669 941 2725 quam
964 2653 1085 2727 plurimi
1112 2661 1141 2709 et
1169 2661 1304 2710 cantante

238 2741 328 2800 cdere
349 2739 425 2798 dunc
439 2756 564 2798 uersum
585 2737 670 2794 Hunc
683 2736 756 2794 diem
777 2739 933 2812 ptoriosum
952 2737 1053 2810 fecisti
1074 2739 1210 2795 cantabat
1229 2736 1304 2796 Dae·

239 2843 322 2885 mort:
342 2825 416 2884 dane
437 2825 509 2881 diem
532 2824 692 2880 detticosarn
714 2840 767 2896 epo
786 2825 855 2895 feci.
900 2822 938 2877 Et
970 2822 1046 2877 infra
1074 2819 1156 2877 addit
1178 2821 1304 2879 Heineo-

240 2914 322 2978 eius:
345 2910 433 2969 Inrrno
460 2912 550 2986 iprsum
574 2907 736 2965 ostenditur
762 2907 836 2965 illud
853 2908 999 2980 foramen,
1027 2925 1121 2980 equo
1143 2907 1305 2964 daemonem

238 2995 390 3066 (sanorum
401 2997 516 3053 emman
531 2999 642 3049 temere
654 2991 828 3070 imitantem)
843 2994 981 3049 clamasse
999 2994 1111 3064 fauni,
1133 2998 1201 3048 ante
1215 3009 1306 3050 aanor

238 3083 356 3158 quiden
378 3099 434 3138 nen
454 3081 524 3137 adeo
537 3073 649 3134 'multos
670 3080 856 3143 resarcitum,
880 3079 921 3131 ita
944 3083 1050 3143 tamen,
1073 3084 1107 3132 ut
1127 3078 1252 3151 vestipia
1271 3077 1305 3133 it·

169 3165 170 3171 '
239 3171 301 3228 tius
320 3169 396 3225 eatis
416 3165 550 3228 mnditia
571 3168 739 3239 appareant.

327 3438 378 3498 88.
401 3425 502 3505 [Veni
522 3428 646 3491 cancie
674 3420 833 3509 spiritu.
857 3429 1033 3491 ,Pentea
1078 3426 1305 3483 Innocentii

239 3524 336 3584 Tuti
356 3522 517 3580 Ponttfieir.
560 3519 594 3575 In
616 3517 808 3575 Dedicatione
830 3514 978 3570 Altarium
1000 3528 1119 3584 semper
1141 3508 1277 3577 canituri
1364 3527 1367 3534 ·

327 3641 417 3700 Thes.
439 3639 476 3696 Π.
497 3658 526 3713 p.
557 3637 607 3696 35.
636 3635 705 3695 384.
736 3631 786 3688 III.
817 3631 887 3691 287.
932 3629 1022 3696 Mons
1044 3628 1065 3685 Ι.
1088 3629 1159 3686 ete.
1182 3645 1198 3683 e
1221 3627 1307 3685 codd.

241 3733 275 3788 et
295 3727 380 3803 ittet·
403 3741 481 3783 saec.
497 3722 685 3781 .x111.·—xv.
730 3718 794 3793 Ego
821 3718 851 3773 in
871 3714 987 3773 Missali
1009 3711 1209 3769 Rhenoviensi
1231 3726 1308 3769 saec.

241 3813 323 3873 XIII.
345 3831 373 3872 v.
394 3811 423 3871 8.
444 3810 503 3885 legi
524 3808 627 3865 lueis
649 3812 740 3863 tuae
762 3800 905 3860 radios.
1308 3815 1315 3830 ι

330 3912 483 3972 Tren'eh:
507 3911 685 3969 audianeus
706 3907 833 3967 eritius
854 3923 872 3959 a
901 3906 961 3959 iust
981 3900 1178 3976 appreciatiou
1199 3899 1237 3971 of
1254 3896 1311 3953 titis

242 4004 346 4078 hym:
368 3999 468 4074 Neque
487 4000 558 4054 satis
580 3996 773 4059 meseratio,
796 4008 858 4045 merc
874 3988 985 4062 quidem
1000 3987 1152 4053 sententia,
1174 3999 1312 4040 commen·

243 4089 312 4147 deri
328 4092 529 4163 psaranum
551 4084 627 4138 omni
648 4076 889 4137 eomusendationc
903 4074 1036 4148 superior
1050 4078 1102 4137 est,
1127 4078 1183 4127 tum
1206 4068 1240 4124 ob
1261 4067 1312 4121 rni-
1431 4116 1433 4119 .

243 4191 309 4232 rare
331 4174 395 4229 eius
415 4171 584 4228 eaamtatem
606 4184 668 4223 cum
687 4164 833 4237 saeititate
847 4160 1040 4236 apertissima,
1065 4164 1121 4212 tum
1144 4156 1178 4210 od
1198 4155 1311 4226 pretam

245 4261 311 4321 citu
332 4257 498 4316 penaten
512 4270 575 4309 cunr
590 4254 721 4309 ubertate
742 4257 773 4304 et
785 4248 867 4322 copia
881 4245 1098 4307 sententiarum,
1120 4248 1156 4295 ut
1167 4252 1313 4309 unaquae-

245 4361 304 4420 que
322 4344 391 4417 fere
410 4339 538 4399 eurora
553 4338 712 4411 rhythmica
733 4350 819 4389 unam
833 4332 1037 4406 complectatur
1050 4323 1230 4388 senteutiam,
1255 4326 1313 4376 turn

246 4421 428 4503 ’ΜΝ-ὀὒ
449 4427 613 4484 tudunum
635 4423 698 4479 ciris
720 4420 751 4475 iu
772 4421 910 4476 contextu
932 4418 1125 4476 venustatem,
1149 4424 1206 4482 qua
1227 4421 1314 4482 oppc
