3242 5134
718 524 784 596 m

249 700 283 758 lt.
301 701 320 774 0
339 703 503 778 Stephane!
533 723 550 760 o
581 719 671 780 quem
702 703 784 762 dedit
807 707 890 764 celsa
912 706 1203 776 scandere-aethra,
1234 711 1287 764 im·
1364 692 1371 706 ⁸

415 805 512 864 penes
532 789 586 848 tibi
610 790 754 848 charitas!

248 870 281 928 ll.
298 872 387 930 Credit
415 881 539 974 cuncta,
570 875 675 931 suffert
704 877 860 942 universa,
896 883 987 950 atque
1019 879 1148 934 sustinet
1177 884 1285 934 cuncta

246 1038 280 1098 tt
296 1041 350 1100 llou
361 959 610 1144 ὀποξὶῃηῒηοιι
631 1043 803 1112 ambiti0m3
827 1064 885 1102 non
908 1047 1027 1121 quaerit
1042 1064 1098 1103 sua
1113 1048 1198 1104 lucra
1213 1049 1284 1105 elra-

196 1257 198 1262 .
245 1206 278 1266 lt
294 1209 324 1268 lt
342 1135 626 1287 ipssnetdtsdamma.
650 1220 681 1272 et
702 1215 826 1288 lampas,
849 1217 938 1289 ignis,
961 1216 1061 1282 carbo,
1085 1217 1224 1274 charitas.

245 1290 277 1349 ll
294 1294 339 1353 Est
358 1296 458 1367 Pater,
483 1305 530 1355 est
551 1298 651 1356 Patris
667 1298 752 1367 doxa,
776 1300 897 1356 Flamen
913 1317 1032 1356 sacrum
1047 1300 1187 1356 charitas.
1219 1302 1283 1356 Μο-

415 1400 470 1442 nus
492 1385 584 1442 trinas
607 1390 655 1441 est
678 1385 817 1442 charitas.

302 1499 389 1558 Neale
410 1503 429 1560 l.
454 1519 494 1561 c.:
521 1503 586 1561 cam
609 1503 645 1559 de
668 1504 697 1560 S.
722 1503 868 1578 Stephano
890 1513 954 1559 oret
975 1504 1122 1559 Ecclesia:
1146 1506 1210 1574 „Du
1233 1524 1282 1562 no·

238 1575 276 1671 113,
295 1601 470 1661 quesumus,
486 1589 613 1654 Domine,
630 1591 739 1645 imitari
754 1589 832 1661 qrcod
844 1591 971 1654 colimus,
992 1599 1025 1644 ut
1040 1589 1183 1647 discamus
1197 1593 1282 1646 etium

235 1664 341 1728 criticos
360 1671 493 1746 diligere,
516 1676 585 1746 quia
600 1675 664 1729 eius
680 1675 814 1730 natalitia
829 1675 1014 1740 celebramus,
1038 1676 1089 1745 qui
1103 1677 1183 1730 novit
1197 1678 1282 1730 etium

169 1787 170 1800 ·
228 1760 273 1813 ΡΜ
284 1758 519 1827 persecutoribus
540 1777 627 1815 orare
648 1759 682 1813 Ι).
707 1759 741 1814 N.
763 1759 787 1814 J.
815 1759 843 1816 C.
863 1759 895 1815 F.
916 1754 976 1824 Τ,“,
1000 1759 1079 1814 houd
1091 1762 1284 1832 inopportune

229 1826 256 1882 o
271 1838 409 1898 mma
436 1842 556 1900 cosmo
571 1851 676 1918 poco,
707 1861 747 1898 ex
778 1844 843 1918 cap.
865 1844 949 1900 erni.
973 1844 1026 1917 sp.
1050 1843 1072 1899 1.
1095 1844 1135 1898 aa
1158 1844 1281 1901 corono.

224 1909 293 1976 Μ
306 1943 401 2002 pauca
422 1935 577 2004 aestuatus.
601 1955 645 1965 -
669 1928 717 1986 13.
739 1928 834 1984 Neale
856 1930 956 1985 omisit
979 1931 1017 1983 et
1039 1929 1126 1983 metri
1149 1930 1253 2002 gratia.

297 2196 365 2258 ³92.
390 2186 629 2266 [ermeleno
651 2189 700 2255 od
718 2185 897 2274 festivum.
942 2199 985 2253 De
1009 2199 1037 2256 S.
1060 2198 1195 2255 Ioanne
1218 2194 1280 2272 En]

295 2279 384 2340 Thes.
406 2281 444 2340 11.
467 2301 498 2358 p.
521 2282 570 2342 ou.
837 2364 850 2370 ·

214 2475 249 2595 no.
295 2469 381 2610 ωτιὴ
392 2455 512 2622 [ίέἷὶεα
531 2462 638 2546 pueri
658 2465 874 2548 concrepent
891 2461 1051 2527 melodia.
1088 2470 1132 2526 De
1153 2471 1205 2542 ss.
1230 2469 1282 2526 ln-

250 2555 357 2611 ceni
387 2571 435 2610 us.

297 2638 387 2696 Thes.
410 2639 448 2696 IL
469 2657 498 2712 p.
525 2639 593 2697 173.
638 2639 752 2697 Neale
776 2641 845 2714 Seq.
878 2656 893 2694 e
921 2640 1037 2695 Missali
1068 2640 1282 2696 sarisburiensi

219 2708 304 2783 ¹⁵⁵5.
325 2729 355 2782 et
378 2721 549 2781 Gallicanis.
785 2715 790 2720 ’

234 2813 255 2868 ¹·
284 2823 374 2883 Celsa
395 2819 492 2900 pueri¹
505 2831 688 2899 concrepent
711 2824 839 2881 melodia

231 2896 254 2955 2·
280 2905 336 2966 En
357 2911 549 2967 innocentum
572 2915 714 2967 canentes
737 2909 877 2983 tripudia.

230 2980 255 3038 3·
284 2993 369 3064 Quor
391 2995 489 3052 infans
512 2995 649 3052 Christus
671 2992 760 3051 hodie
783 2997 864 3052 vexit
886 2994 923 3051 ad
947 3001 1038 3061 astra,

175 3149 178 3153 Ι
229 3065 255 3125 1·
283 3077 348 3136 Hos
369 3079 530 3137 trucidavit
551 3079 693 3136 frendens
715 3082 830 3136 insania

176 3233 178 3238 Ι
230 3146 256 3210 5·
282 3161 473 3221 Herodianae
495 3163 617 3231 fraudis,
642 3163 679 3220 ob
702 3165 783 3220 nulla
806 3166 936 3230 crimina,

229 3232 256 3294 6·
281 3245 317 3305 In
338 3250 506 3317 Bethleem,
530 3256 560 3307 et
581 3267 636 3324 per
657 3251 751 3323 ipsius
775 3255 883 3305 cuncta
906 3249 1042 3316 confinia,
1137 3249 1141 3256 '

230 3317 258 3377 7·
284 3334 313 3390 A
335 3334 471 3391 bimestri
494 3339 529 3390 et.
546 3336 631 3400 inira,
655 3336 736 3389 iuxta
759 3333 903 3390 nascendi
925 3339 1070 3405 tempora.

230 3403 258 3464 ⁸·
284 3417 420 3476 Herodes
443 3419 507 3475 Rex
528 3419 639 3475 Christi
662 3421 723 3474 nati
746 3435 853 3474 verens
877 3418 976 3473 infelix
998 3418 1131 3491 imperia,

231 3486 258 3549 9·
284 3501 417 3562 Infremit
439 3510 531 3571 totus,
556 3509 586 3560 et
609 3505 697 3577 erigit
719 3520 800 3559 arma
824 3502 954 3580 superba
976 3500 1109 3557 dextera:

214 3565 260 3635 ¹⁰·
286 3588 409 3658 Quaerit
430 3589 506 3645 lucis
531 3593 562 3645 et
584 3588 661 3644 coeli
684 3588 798 3662 Regem
823 3592 1011 3653 cummente
1035 3584 1164 3653 turbida,

215 3652 261 3719 11·
284 3670 324 3730 Ut
337 3676 492 3750 extinguat
513 3674 565 3749 qui
587 3676 679 3729 vitam
701 3678 847 3746 praestat,
871 3689 1003 3745 persua
1026 3671 1132 3738 iacula,

214 3734 261 3804 ¹²·
285 3756 360 3815 Dum
381 3777 441 3816 non
464 3759 566 3816 valent
587 3759 696 3814 intueri
718 3759 817 3814 lucem
832 3755 1019 3832 splendidam
1035 3756 1180 3812 nebulosa
1195 3772 1285 3831 quae-

416 3845 511 3901 rentis
532 3848 665 3917 pectora.
1059 3899 1069 3923 5

213 3903 262 3974 ¹3·
284 3926 333 3986 Ira
353 3931 463 3987 servet:
487 3927 610 3984 fraudes
632 3934 724 4002 auget
740 3926 877 3983 Herodes
902 3945 1020 3993 saevae,
1044 3932 1078 3982 ut
1091 3924 1200 4000 perdat
1214 3942 1287 3997 pue·

417 4030 519 4071 rorum
540 4014 668 4087 agmina
900 4048 907 4062 t

210 4071 263 4141 ¹4·
288 4098 396 4157 Cusus
424 4099 550 4156 militum
579 4096 637 4153 dux
670 4099 790 4171 iniquus
828 4102 991 4171 aggregat:
1025 4096 1137 4151 ferrum
1164 4094 1229 4166 figit
1249 4094 1287 4176 in

325 4178 334 4190 ''
419 4183 552 4241 membra
574 4188 685 4239 tenera.

177 4260 179 4263 Α
206 4239 261 4313 15·
284 4267 368 4326 Inter
390 4268 484 4326 ubera
505 4269 553 4326 lac
577 4267 714 4334 effundit,
743 4272 905 4340 antequam
934 4267 1088 4339 sanguinis
1109 4265 1216 4319 fierent
1238 4278 1288 4320 co-

419 4354 519 4427 egula.

202 4408 260 4481 111·
287 4440 392 4498 Hostis
414 4444 539 4514 numae
561 4443 649 4494 natus
671 4438 819 4493 eviscerat
841 4441 932 4510 atque
954 4435 1085 4509 iugulat:
1145 4448 1163 4498 ·,

260 4529 390 4591 Daniel,
404 4539 471 4582 Thes.
486 4537 563 4593 lirun.
585 4538 608 4579 v·
734 4589 738 4596 Ι
1058 4525 1096 4580 i‘2
