3242 5134
246 626 325 683 inter
346 621 472 679 virtutes
496 619 556 682 est,
583 612 666 670 velut
688 612 765 668 inter
787 609 908 668 metalla
929 626 1041 666 aurum.
1084 597 1108 685 B
1138 624 1227 675 vero,
1255 608 1343 676 sire,

246 710 279 778 F,
308 706 397 764 rubro
420 702 591 777 depingitur
612 697 727 765 colore,
756 697 827 771 qnia
849 694 886 751 ab
907 696 966 752 iste
987 696 1075 752 litera
1095 693 1207 752 Fides
1225 693 1320 768 signi*

249 795 333 852 floari
353 795 486 865 potest:.
510 802 569 861 qua
590 784 740 857 Martyres
762 786 957 865 purpuratam
978 782 1025 838 sui
1047 780 1160 837 cruoris
1184 778 1320 852 chlamy-

250 879 317 936 dem
339 874 434 933 induti
456 876 533 930 sunt.
878 909 902 928 .,
1138 893 1142 900 ·

334 962 398 1033 Iam
427 958 464 1015 de
493 955 583 1015 variis
612 956 737 1018 istarum
766 954 989 1028 sequentiarum
1018 950 1183 1009 nominibus
1205 948 1322 1025 aliquid

252 1046 410 1107 dicendum
432 1048 487 1101 est.
530 1042 570 1098 Et
591 1040 671 1105 mihi*
684 1038 820 1114 quidem,
844 1040 869 1095 si
890 1040 933 1094 ita
955 1039 1046 1097 statui
1068 1042 1188 1111 posset,
1212 1051 1322 1093 conve·

196 1160 199 1169 ·
246 1136 381 1198 ,ηἰεητίιιε
404 1129 531 1196 videtur,
554 1133 587 1184 ut
610 1143 687 1201 quae
709 1125 921 1181 Notlrerianem
943 1124 1076 1180 referunt
1096 1121 1241 1189 indolem,
1264 1138 1321 1179 eae

250 1234 453 1296 prosarum,
477 1230 555 1289 quae
577 1229 648 1269 vero
664 1210 832 1285 rhythmice
847 1207 1025 1276 scribuntur,
1049 1208 1322 1283 sequentiarum

251 1304 339 1364 titulo
354 1287 600 1375 intelligerentur.
623 1297 752 1364 Meuius,
765 1295 1034 1370 manuscriptorum
1048 1294 1176 1351 fortasse
1193 1294 1323 1370 auctori·

251 1395 345 1450 tatem
360 1391 491 1452 secutus,
512 1384 541 1441 S.
557 1383 681 1440 Notlreri
695 1382 806 1438 foetum
822 1382 986 1459 troparia
1003 1378 1127 1445 vocat.*)
1173 1376 1261 1449 Quod
1275 1383 1323 1435 ta-

186 1475 196 1486 '
254 1492 321 1532 men
336 1470 450 1547 aliquid
464 1466 642 1526 incommodi
656 1465 757 1523 habet.
782 1463 952 1540 Optandum
968 1466 1045 1523 enim
1061 1470 1142 1522 esset
1157 1471 1199 1533 ut,
1223 1462 1326 1540 quoad

252 1561 318 1620 fleri
339 1561 458 1633 potest,
494 1571 585 1612 unum
613 1552 752 1627 idemque
782 1550 905 1609 verbum
933 1567 1023 1608 unam
1051 1550 1237 1625 eandemque
1258 1567 1324 1606 rem

254 1645 450 1721 significarem
472 1640 565 1696 multo
588 1643 688 1695 autem
709 1639 816 1712 magis,
840 1654 907 1694 cum
929 1636 966 1693 de
987 1637 1053 1711 pari
1074 1638 1199 1694 materia
1214 1637 1324 1711 agitur.

253 1731 295 1788 At
317 1728 491 1803 sequentiae
513 1724 713 1782 Notlrerianae
743 1722 874 1798 quodam
899 1720 989 1779 modo
1009 1722 1163 1781 Ecclesiae
1186 1720 1323 1779 Graecae

171 1809 174 1818 ²
255 1802 349 1892 ᾠδαῖς
370 1809 568 1886 respondent;
605 1825 682 1883 quae
705 1807 789 1864 Odae
813 1826 848 1865 ex
869 1810 982 1865 incerto
1005 1821 1127 1865 numero
1148 1797 1323 1886 tetraplasia

256 1903 403 1957 coustant
448 1895 520 1952 Ideo
544 1895 654 1969 singuli
676 1895 851 1967 sequentiae
872 1911 1007 1962 versus3·
1022 1895 1142 1966 minime
1163 1905 1235 1953 vero
1258 1896 1325 1948 tota

257 1984 423 2059 sequentia,
447 1997 482 2037 eo
506 1980 592 2044 titulo
615 1977 741 2038 'vocandi
765 1983 878 2048 essent
899 1981 924 2035 si
947 1980 1114 2055 analogiam
1127 1977 1245 2035 dicendi
1261 1993 1326 2034 ser·

184 2127 188 2136 ,
255 2087 338 2142 vare,
361 2066 442 2167 qqod
463 2082 643 2164 possumus&
658 2064 811 2127 vellemus.
828 2091 871 2101 -
884 2062 978 2139 Atqui
991 2064 1181 2145 Notkeriauis
1196 2080 1326 2139 sequeu-
1340 2133 1343 2138 ι

179 2204 184 2209 .
256 2156 305 2212 tiis
327 2154 378 2209 alii
399 2171 429 2209 m
451 2155 661 2225 manuscriptis
676 2166 887 2225 nonnunquam
908 2150 1113 2228 praefiguntur
1136 2149 1325 2228 tituli-„quos

257 2256 273 2296 e
295 2255 328 2295 re
351 2240 407 2295 erit
428 2238 458 2292 in
474 2231 610 2301 'medium
630 2235 774 2309 proferre.
821 2234 1080 2293 Occidentana.
1095 2234 1326 2292 —Fidicula

253 2352 297 2363 -
331 2322 508 2379 Laetatus
546 2338 629 2383 sum.
672 2319 842 2381 Dominus
878 2310 1066 2395 regnarit.¹
1103 2319 1192 2389 Duo,
1235 2325 1323 2378 tres.

253 2408 382 2467 Iustus
424 2403 651 2482 germinabit.
711 2404 940 2479 symphonia.
998 2397 1163 2463 Romana.
1220 2405 1325 2481 Frig-

255 2493 415 2568 dola-
435 2490 463 2547 A
497 2491 657 2565 postremis
689 2489 873 2563 incipiamus.
918 2489 1109 2547 Eckehardus
1140 2491 1171 2548 in
1201 2508 1255 2548 suo
1286 2489 1325 2548 de

256 2578 375 2637 casibus
399 2576 428 2633 S.
453 2575 531 2633 Galli
551 2575 652 2631 libello
674 2576 717 2631 ita
739 2571 855 2631 scribit:
901 2576 1046 2647 „Fecerat
1066 2573 1192 2650 'quidam
1207 2573 1323 2634 Petrus

255 2664 296 2722 lbi
317 2655 459 2744 iubilosx;“
480 2660 577 2716 -id
599 2664 660 2727 est,
689 2665 873 2728 neumata,
905 2660 947 2734 de
970 2660 1084 2736 quibus
1101 2666 1190 2717 antea
1211 2660 1324 2719 dictum

159 2746 162 2750 ”
251 2751 303 2805 ast
322 2745 648 2819 aegrid'soquenuas
679 2759 754 2816 quas
776 2743 929 2802 Metenses
959 2740 1108 2803 vocabat“
1130 2772 1174 2784 ··-
1194 2763 1325 2823 sequen-

255 2833 363 2889 tiarum
390 2830 507 2885 nomine
537 2828 644 2885 seriem
672 2831 848 2885 neumatum·
871 2831 967 2886 innuit
987 2825 1031 2869 -’
1052 2831 1223 2903 „Romanus
1250 2848 1324 2890 vero

254 2916 388 2976 Romane
410 2918 442 2971 et
463 2929 586 2970 amoene
610 2911 647 2969 de
670 2929 724 2968 suo
746 2910 856 2970 iubilos
872 2914 1085 2985 modulatores,
1109 2935 1187 2992 quos
1202 2918 1324 2993 quidem

254 3004 326 3076 post
347 2998 497 3055 Notlrerus
528 2998 635 3073 quibus
661 2995 795 3055 videmus
818 2999 916 3057 verbis
938 3000 1051 3076 ligavit.
1094 3000 1257 3077 Fllgdorae
1279 3006 1323 3063 vi·

258 3085 368 3144 delicet
397 3090 428 3141 et
457 3082 679 3141 occidentanae
716 3101 792 3159 quos
822 3086 865 3142 sic
894 3087 1085 3144 nominabant
1110 3087 1237 3156 jubilos,
1255 3155 1258 3160 ¹
1274 3090 1322 3147 his

256 3172 404 3230 animatus
427 3171 517 3227 etiam
538 3169 604 3244 ipse
626 3165 663 3224 de
680 3184 734 3226 suo
750 3172 938 3245 excogitavit.
983 3171 1017 3228 In
1032 3172 1139 3245 quibus
1154 3172 1323 3232 Eclr'ehardi

256 3255 364 3323 rerba,
400 3260 435 3311 ut
464 3255 533 3311 olim
569 3253 740 3310 observarit
766 3254 814 3310 Du
842 3255 990 3330 Congius,
1026 3259 1086 3314 rim
1121 3264 1174 3316 aut
1200 3264 1324 3336 etymon

209 3410 212 3416 Ι
256 3339 339 3399 verbi
367 3340 416 3396 rix
438 3340 744 3422 quisagnoscat.--
784 3337 1033 3421 Occidentana
1062 3343 1186 3407 forsitan
1215 3363 1325 3407 nomen,

197 3463 204 3480 .
255 3425 345 3483 traxit
367 3440 404 3482 ex
424 3424 461 3480 iis
483 3422 633 3491 melodiis,
670 3440 746 3498 quas
769 3441 807 3496 „a
830 3423 977 3496 Gimedia,
1013 3428 1250 3489 aNordmannis
1272 3450 1324 3490 va·
1363 3417 1368 3480 ss

209 3557 211 3566 .
256 3502 355 3568 stata“
386 3506 597 3581 presbyterum
625 3508 774 3582 quendam
795 3508 836 3566 ad
857 3511 886 3567 S.
910 3510 1028 3571 Gallum
1056 3514 1194 3573 attulisse
1211 3523 1324 3575 narrat

256 3593 286 3652 S.
309 3593 468 3652 Notlserus.
512 3591 703 3650 Romanam
731 3612 790 3650 non
818 3596 876 3653 nisi
897 3598 1055 3656 melodiam
1083 3616 1161 3676 quae
1182 3599 1219 3657 ab
1233 3602 1322 3662 Urbe

255 3679 376 3735 venisse
406 3675 583 3758 credebatur
610 3678 814 3736 intellexerim.
859 3681 1032 3758 Frigdola
1068 3686 1120 3743 rel·
1145 3684 1341 3761 Frigdore¹

219 3765 221 3770 '
255 3762 373 3820 facilius
396 3764 534 3836 agnoscit
557 3765 693 3835 etymon:⁴
717 3762 796 3822 idem
818 3768 895 3824 enim
917 3769 981 3827 vult
1003 3775 1094 3846 atque
1116 3770 1321 3847 Phryge-Do·

255 3848 364 3906 ricum:
401 3846 516 3904 idest:
553 3847 654 3905 Tonus
683 3851 795 3924 primus
825 3854 934 3910 mixtus
956 3872 1023 3912 cum
1045 3858 1142 3915 tertio
1184 3857 1323 3917 Fidicu-

254 3932 338 3999 lam,
375 3936 499 3989 auctore
521 3931 644 4002 Wolfio,
683 3936 907 4011 ecclesiasticae
928 3941 1060 3997 musicae
1089 3938 1243 4001 inserviise
1275 3950 1323 4006 sal
1379 3960 1383 3965 ’

256 4017 332 4083 scio;
353 4015 428 4090 quid
450 4022 550 4074 autem
570 4017 637 4075 loco
660 4020 738 4077 tituli
753 4019 809 4079 sibi
823 4022 896 4079 velit
910 4022 1038 4081 viderint
1051 4023 1210 4084 doctiores.
1233 4028 1322 4099 Quod
1361 4046 1370 4057 ·

256 4144 483 4153 ——---——--—-

253 4291 290 4345 m
322 4224 481 4345 REgone
498 4244 583 4282 unum
600 4227 667 4282 uovl
684 4229 817 4296 codicem,
837 4232 866 4286 in
879 4248 935 4314 quo
949 4228 1317 4317 Sequentiaedotkedanae
1384 4236 1387 4240 ’

252 4298 397 4417 ιοὲἓωρῖἒ
414 4297 982 4426 ἓέιὲἕῖιξέ.οιὲῖέἷᾶὶεοΝὲἓῖἕωῖῗ“ἰῖἒᾰ.
1002 4303 1096 4371 q⁰⁰²d
1118 4320 1218 4371 ’Μ’
1245 4310 1318 4365 ¹¹²⁰⁰
