3242 5134
314 643 401 708 Idem
423 651 509 703 tenes
530 653 669 722 perpetui

314 731 482 801 pooenfiam
502 731 644 804 paradisi,
733 766 736 770 ·
826 757 835 770 ·

315 830 419 871 omnes
442 816 524 874 cives
546 822 577 874 te
600 817 726 876 adorant
747 822 858 894 superi.

188 955 194 962 ·
233 932 275 987 4.
319 929 366 987 'l'u
386 932 417 989 in
439 936 551 1009 templo
574 935 629 992 Dei

247 1037 249 1042 ·
315 1015 502 1074 thuribulum
524 1036 649 1077 aureum

311 1104 398 1159 risus
422 1120 456 1158 cs
477 1103 620 1162 habuisse
642 1107 787 1175 manibus,

310 1183 388 1243 Inde
411 1187 559 1245 scandens
581 1207 676 1265 vapor

309 1269 449 1329 mamete
470 1272 596 1347 plurimo

306 1357 542 1430 perveniente
564 1365 759 1433 conspectum
781 1358 843 1417 Dei.

236 1471 272 1527 5.
315 1472 445 1543 Quando
469 1493 537 1533 cum
559 1477 688 1535 dracone
711 1495 851 1553 magnum
872 1479 1026 1552 perfecisti
1046 1480 1202 1554 proelium,

309 1559 452 1617 faucibus
473 1560 553 1618 illius
575 1565 689 1620 animas
712 1565 816 1620 eruisti
838 1563 990 1637 plurimas.

306 1644 391 1700 Hinc
413 1647 571 1703 maximum
594 1646 741 1722 agebatur
762 1650 791 1704 in
815 1648 899 1708 coelo
922 1637 1081 1713 silentium,

309 1729 409 1786 millia
430 1730 554 1788 millium
575 1731 730 1789 dicebant:
754 1732 836 1788 salus
859 1734 924 1806 regi
947 1731 1081 1789 domino!

241 1841 273 1901 6.
311 1846 398 1904 Audi
419 1865 474 1905 nos
496 1849 655 1918 Michahel,

306 1931 422 2008 angele
445 1950 567 2002 summe,

308 2021 349 2073 tu
369 2034 477 2091 parurn
498 2017 648 2092 descende

309 2100 353 2157 de
374 2102 437 2176 poli
459 2102 542 2172 sede,

310 2186 402 2242 nobis
423 2187 547 2245 ferendo
569 2204 657 2263 opem
680 2188 798 2252 domini,

310 2276 408 2346 atquc
430 2272 567 2330 levamen
587 2272 798 2350 indulgentiae.

312 2354 360 2412 Τιι
382 2362 503 2413 nostros
525 2356 668 2414 Gabrihcl

312 2438 420 2497 hostes
441 2446 607 2516 prosterne,

315 2530 349 2601 tu
368 2523 527 2600 Rapbahsl
549 2529 649 2603 aegris

316 2605 388 2666 affer
408 2610 565 2679 medelam,

318 2694 435 2751 mor-bos
457 2695 608 2771 absterge,
630 2713 723 2753 noxas
746 2695 836 2765 dilue,

319 2795 432 2854 uosque
453 2781 501 2837 l'ac
522 2781 668 2838 interesse
691 2781 807 2855 gaudiis

319 2861 480 2939 beatorum

332 3015 412 3074 Satis
438 3022 552 3074 certum
573 3015 700 3085 videtur,
723 3025 866 3090 neumam
883 3020 1056 3093 sequentiae
1079 3019 1166 3074 huius
1189 3019 1314 3081 formam

226 3092 367 3158 cannen
390 3118 459 3158 esee
480 3104 673 3175 primaevum,
697 3102 751 3159 sed
773 3109 930 3177 utramque
953 3105 1123 3159 innovatam
1145 3119 1180 3157 ex
1202 3101 1313 3173 hymno

218 3172 425 3259 &nequiore
440 3185 561 3244 condito
576 3188 712 3244 versibus
729 3186 944 3262 quindenarum
960 3186 1141 3259 syllabarum
1156 3184 1193 3240 ad
1209 3183 1312 3258 rhyth-

215 3255 326 3326 ¹¹1uu1
347 3272 512 3328 tetrametri
535 3270 679 3328 trochaici
703 3273 842 3329 catalecti
866 3271 1094 3346 dispositarum
1126 3276 1216 3343 atque
1246 3284 1314 3326 earn

212 3340 437 3412 'luctationem
457 3356 568 3414 factam
591 3373 669 3423 esse,
694 3362 727 3412 ut
749 3374 815 3412 cum
839 3358 938 3431 aliquo
968 3356 1055 3411 modo
1078 3356 1191 3413 musico
1214 3358 1314 3410 textus

209 3427 317 3508 alite
340 3440 444 3506 coiret,
467 3440 555 3496 facilc
577 3444 773 3514 suspicamur.
817 3442 973 3515 apparent
995 3458 1050 3515 per
1071 3445 1164 3496 totam
1188 3455 1315 3513 sequen·

207 3501 318 3579 tiram
340 3521 479 3598 quadrati
499 3542 606 3583 versus
628 3527 677 3583 vel
698 3528 828 3600 integri,¹
841 3527 889 3583 vel
911 3527 1006 3583 levius
1034 3526 1215 3599 graviusque
1245 3539 1314 3580 con·

206 3588 306 3665 tusi
328 3614 359 3666 et
382 3609 506 3677 confusi,
531 3615 561 3667 ct
583 3613 687 3685 paucis
711 3616 826 3667 tantum
855 3612 928 3668 locis
959 3610 1120 3667 eorundem
1148 3609 1316 3683 fragmenta

209 3685 316 3749 Slant
338 3694 426 3767 qusai
446 3696 477 3751 in
500 3700 655 3752 caementa
677 3698 871 3763 comminuta,
902 3701 936 3752 ut
961 3697 1042 3769 prior
1064 3700 1171 3752 natura
1192 3701 1254 3749 non·
1273 3693 1315 3747 ia·

211 3769 304 3834 eile
326 3784 517 3851 agnoscatur.
553 3779 666 3854 Integri
681 3779 820 3854 quadrati
836 3786 907 3837 sunt
927 3799 954 3836 v.
970 3781 1019 3839 21.
1042 3785 1073 3836 et
1089 3779 1149 3846 28„
1173 3783 1236 3834 tum
1259 3791 1318 3834 una

217 3858 367 3928 Syllaba
388 3866 469 3920 aucti
491 3865 542 3922 22.
564 3869 595 3921 et
616 3866 676 3931 24„
700 3884 776 3939 quos
799 3865 880 3920 nullo
903 3867 1024 3939 negotio
1046 3863 1264 3921 restituerimus
1285 3863 1316 3918 ia

217 3943 353 4003 Duram
367 3947 492 4004 formam
507 3950 619 4022 scripto
634 3950 684 4008 22.
708 3952 803 4017 eius,
819 3950 869 4008 24.
893 3950 991 4006 mille
1014 3948 1143 4014 millia;
1166 3947 1316 4004 levissime

222 4019 388 4088 turbatus
403 4037 578 4089 tetrameter
591 4034 777 4108 recolligitur
793 4052 828 4090 ex
844 4034 893 4091 36.
909 4034 971 4092 37.;
996 4040 1105 4106 atque
1127 4050 1196 4090 nos,
1212 4032 1231 4088 f.
1253 4032 1313 4086 int.

225 4096 274 4165 b·
301 4134 326 4188 g
369 4116 429 4172 Alii
444 4117 596 4192 aliquanto
619 4120 740 4192 gravius
762 4121 909 4174 immutati
930 4120 1058 4175 fortasse
1082 4118 1124 4173 sic
1147 4122 1217 4172 sunt
1231 4116 1318 4171 resti-

238 4192 365 4257 tuendi:
389 4201 419 4258 5.
443 4198 470 4258 6.
494 4206 531 4258 te
553 4218 632 4270 narn
654 4221 706 4276 pr.
730 4220 818 4260 csse
842 4221 913 4277 sup.
936 4222 986 4278 pr.
1011 4202 1077 4268 (om.
1101 4197 1251 4265 civium).
1273 4225 1317 4236 —

244 4271 285 4335 7.
306 4284 330 4341 8.
351 4290 389 4341 te
411 4285 521 4342 Deum
543 4304 591 4343 or.
614 4287 730 4343 nobis
753 4287 818 4345 dir.
843 4304 922 4362 ang.
944 4315 988 4324 -
1020 4285 1119 4345 9:10.
1143 4282 1317 4351 (secundum

257 4362 374 4425 alteram
407 4373 582 4445 sequentiae
613 4371 748 4438 formam)
784 4373 1044 4447 principalem
1076 4375 1317 4444 potestatem

315 4464 636 4527 baniel‚‘i'lres.iiymn.V.
670 4449 674 4454 ’
1116 4462 1131 4517 ἵ

1231 4607 1259 4649 Χ
