3242 5134
333 704 361 762 8.
375 700 483 756 Patent
506 699 606 754 statim
628 698 692 753 miri
715 697 801 764 clari,
910 697 983 765 Noa,
1006 698 1174 765 lanciaco,
1198 702 1420 761 tueamur-3,

375 785 458 841 Foris
481 784 567 856 nigri,
590 784 670 839 intus
693 782 770 848 flavi,
911 782 945 838 In
968 779 1102 839 adversis
1125 787 1325 862 protegamur,

375 869 484 943 Pungit
507 866 591 923 dolor
612 884 710 941 poena
733 870 825 940 gravi,
906 866 946 923 Ut
965 864 1104 924 mercede
1126 868 1314 941 perfruamur

376 954 516 1010 Cruciant
538 952 642 1009 aculei.
906 951 940 1007 ln
962 953 1086 1009 coelesti
1108 952 1212 1027 gloria

376 1039 483 1095 Cessat
504 1038 576 1093 artis
599 1043 749 1092 armatura
848 1070 893 1130 10ι
909 1070 999 1127 pater
1020 1073 1078 1145 pie,
1101 1076 1189 1145 pater
1213 1075 1326 1137 sancte,

375 1125 409 1180 ln
432 1121 629 1178 membrorum
653 1128 806 1196 apertura;
908 1155 998 1212 Plebs
1022 1155 1140 1222 devota,
1165 1160 1195 1213 pe
1218 1157 1430 1220 inmuta,

375 1208 442 1263 Non
464 1208 615 1281 impressit
637 1208 692 1262 hos
716 1215 829 1274 natura,
907 1239 1007 1297 Turba
1029 1242 1153 1298 fratrum
1175 1242 1417 1297 comitant&

376 1293 441 1348 Non
465 1297 579 1348 tortura
601 1292 705 1348 mallei.
907 1325 1060 1382 Mereatur
1083 1319 1226 1400 praemia

334 1411 363 1471 9.
381 1412 479 1485 Signis
495 1413 591 1467 erucis
612 1428 689 1485 quae
705 1411 841 1483 portasti,
909 1411 967 1467 Fac
991 1416 1147 1467 consortes
1170 1424 1464 1484 supernorrzzrm,'

375 1495 433 1553 Per
470 1512 547 1570 quae
577 1494 716 1550 mundum
744 1496 843 1550 trium·
910 1494 992 1563 Quos
1014 1496 1154 1552 informas
1173 1497 1240 1551 vita
1255 1510 1444 1564 monzun,

716 1580 825 1654 phasti‚
907 1580 1115 1655 Consequatur
1137 1598 1211 1655 grex
1231 1580 1329 1636 Minor
1350 1596 1441 1637 -un

377 1666 502 1721 Carnem
525 1666 640 1720 hostem
666 1666 815 1737 superasti
909 1664 1095 1740 Sempiterna
1118 1664 1236 1741 gaudia.

376 1751 483 1807 Inclita
504 1751 641 1815 victoria;

398 1870 476 1926 Aeta
499 1870 599 1924 Sanct.
617 1868 722 1925 Octob.
739 1868 774 1923 ll.
791 1887 819 1941 p.
837 1869 895 1926 801
908 1888 913 1923 :
925 1868 1092 1939 -„Quam
1115 1874 1216 1924 tamen
1231 1865 1327 1924 excidi
1348 1882 1430 1923 sse

313 1954 438 2012 credidit
471 1954 548 2009 idem
572 1953 735 2018 Annalista,
771 1953 963 2026 Sequentiam
997 1954 1092 2010 habeo
1127 1951 1204 2009 dono
1234 1952 1297 2008 Ru.
1320 1948 1424 2008 ΕΡ.

312 2040 556 2110 conventualium
587 2038 799 2094 Romanorum.
831 2040 881 2112 qui
911 2055 977 2094 eam
1006 2056 1040 2094 cx
1070 2036 1186 2094 duobus
1224 2036 1421 2093 codicibus

311 2125 397 2182 MSS.
421 2125 616 2180 membraneis
647 2123 757 2179 archivi
785 2125 863 2179 sacri
887 2140 988 2179 eorum
1011 2128 1175 2181 conventus
1198 2119 1418 2179 Assisiemis

313 2209 456 2276 describi,
490 2215 520 2264 et
550 2210 703 2264 anotario
736 2208 855 2281 publico
878 2209 1003 2264 conferri
1029 2212 1182 2275 curarunt,
1207 2212 1239 2264 et
1262 2223 1318 2281 ego
1386 2218 1414 2256 ue

311 2311 378 2351 eam
400 2295 495 2350 lector
517 2291 677 2358 desideret,
699 2294 748 2348 hic
771 2294 896 2366 subjicio
920 2310 985 2348 cnm
1009 2295 1070 2349 suis
1093 2291 1209 2350 mendis
1232 2302 1410 2367 gramma·

311 2379 450 2435 ticalibus
473 2377 561 2451 (quae
584 2384 682 2433 tamen
705 2378 832 2433 fortasse
855 2396 911 2432 non
936 2380 1065 2445 auctori,
1097 2377 1151 2434 sed
1171 2377 1284 2434 codicis
1308 2372 1405 2433 scri·

311 2465 400 2537 ptori‚
435 2461 591 2517 tribuenda
623 2461 709 2524 sunt)
733 2467 763 2517 et
797 2479 875 2542 cum
896 2463 982 2518 titulo
1006 2479 1094 2538 quem
1127 2461 1184 2519 sibi
1216 2462 1399 2535 praefixum

311 2540 433 2604 habet.“

396 2631 538 2687 Neutram
560 2631 692 2686 Thomae
722 2633 908 2704 sequentiam
931 2631 1074 2689 accedere
1096 2631 1135 2687 ad
1164 2632 1259 2688 Dies
1281 2633 1394 2688 irae,

187 2778 194 2787 .
312 2714 397 2772 dies
419 2716 490 2772 illa
513 2717 709 2781 eminentiam,
734 2732 800 2771 cum
822 2733 871 2773 res
893 2718 959 2791 ipsa
980 2716 1130 2791 loquatur,
1152 2735 1213 2773 non
1236 2702 1393 2791 estquod

311 2800 405 2858 fusius
429 2801 617 2874 explicemus.

744 2914 944 2923 ——-——.-....

397 3028 467 3113 6'33.
493 3015 760 3125 [Lactcdnndur
781 3046 896 3129 fidelia
917 3048 956 3114 in
978 3050 1079 3115 ecclia
1101 3052 1230 3115 canem
1253 3051 1366 3117 iocun·

239 3193 242 3198 .
313 3128 425 3196 delur.
469 3138 513 3196 De
537 3141 565 3198 S.
590 3139 829 3199 Colomanno.
873 3141 963 3202 Thes.
985 3142 1022 3198 Π.
1046 3162 1074 3216 p.
1102 3135 1180 3213 192]

395 3423 466 3502 634.
490 3415 674 3515 [Caelestis
690 3441 722 3504 tc
736 3439 858 3505 laardet
872 3434 1010 3506 citor'ea.
1033 3449 1076 3505 De
1100 3450 1129 3508 S.
1146 3411 1368 3509 Coloricum.

311 3526 402 3584 Mone
431 3528 481 3586 HL
518 3548 546 3603 p.
574 3530 644 3587 254.
682 3530 810 3597 (Hsozu
840 3534 882 3591 St.
904 3533 980 3589 Paul
1001 3533 1128 3592 unna.
1156 3535 1203 3591 14.
1226 3536 1277 3595 Jh.
1310 3536 1370 3593 Ῥεῖ

312 3611 419 3688 Script.
441 3613 509 3672 Rer.
532 3614 632 3710 Austr.
659 3618 684 3682 l,
711 3618 770 3675 104
793 3619 870 3674 Acta
894 3618 943 3678 SS.
969 3618 1089 3675 Octobr.
1112 3618 1161 3686 Vl,
1184 3636 1213 3692 p.
1238 3614 1334 3692 353.)]

296 3884 300 3891 ’
369 3883 468 3949 ddi.
492 3875 756 3957 [Pecuactaete.
770 3846 1015 3948 orttr'coetue.
1036 3892 1080 3947 De
1103 3890 1374 3953 &burchardo

168 4440 174 4462 t

309 3968 402 4028 rues
425 3970 461 4028 11.
484 3980 512 4044 p.
538 3966 616 4041 roal
662 4009 664 4013 ,
823 4013 826 4018 .
1109 4022 1111 4026 ,

742 4087 945 4097 ——-—.-

763 4131 806 4196 &a

400 4224 470 4282 636.
517 4210 713 4302 [Comurye
739 4220 891 4288 iubilonc
917 4242 988 4289 ccx
1017 4187 1176 4310 pictavia
1191 4221 1376 4298 bominum.

314 4306 410 4366 nes
432 4308 616 4383 Hedwige.
659 4309 747 4387 Thes.
770 4314 805 4374 11.
822 4335 857 4389 p.
882 4310 973 4386 laal.

738 4475 952 4486 --—-—-—.=
