3242 5134
225 675 315 747 ptare
337 667 464 744 neglexi,
489 685 556 727 cum
578 675 608 727 et
630 669 712 741 illud,
735 679 844 747 postea
866 690 922 732 usu
937 672 1107 731 facillimum
1130 672 1294 750 deprehen·

227 756 330 813 derim.
368 754 408 812 Ut
422 760 516 813 testes
528 761 610 813 sunt:
633 756 807 827 Dominus
830 760 864 815 in
887 758 995 833 Syna:
1011 758 1049 816 Et
1062 759 1194 817 Mutet·
1217 760 1296 818 Hoc·

228 838 397 918 quemodo
419 842 582 898 instructus
598 842 729 900 secunda
751 861 818 900 mox
837 846 902 903 vice
926 843 1049 903 dictavi:
1073 843 1221 902 Psallat
1243 863 1296 903 ec·

228 926 347 985 clesia
368 931 482 983 mater
503 927 665 995 illibata;
688 929 737 986 ille
753 930 862 1004 gaudio
878 929 1012 1003 repletus
1027 931 1141 987 rotulos
1158 947 1210 988 eos
1226 948 1295 988 con-

228 1012 333 1088 gessit,
357 1015 388 1067 et
401 1012 503 1084 pueris
519 1012 683 1070 cantandos
698 1015 764 1071 aliis
782 1017 857 1072 alios
879 1009 1068 1073 insinuavit.“
1106 1015 1205 1072 Locus
1223 1031 1295 1072 sane

229 1096 428 1164 difficillimus,
445 1113 533 1171 quem
556 1100 636 1155 sicco
649 1099 736 1174 pede,
755 1105 792 1166 ut
816 1103 906 1167 aiunt,
931 1104 961 1157 et
982 1100 1088 1158 Penius
1116 1106 1145 1157 et
1169 1100 1296 1157 Gerber·

228 1188 288 1249 tus,
310 1182 414 1238 etalii
434 1184 614 1240 transierunt
636 1183 775 1242 editores.
812 1186 967 1260 Nusquam
990 1187 1106 1242 omnino
1129 1191 1227 1243 exstat
1250 1202 1296 1242 se·

230 1268 367 1344 quentia,
398 1284 475 1342 quae
503 1269 545 1324 ita
573 1270 687 1342 incipit:
725 1270 867 1327 Laudes
896 1272 967 1327 Deo
999 1273 1166 1328 concinat
1197 1270 1295 1327 orbis

229 1354 436 1411 universus.
480 1352 621 1410 Attamen
643 1356 673 1411 in
694 1355 786 1434 Monii
809 1356 990 1413 collectione¹
1007 1355 1039 1423 (Ι.
1063 1355 1146 1422 217.)
1169 1372 1297 1429 sequen-

229 1440 302 1497 tiam
321 1435 476 1505 habemus,
500 1440 584 1495 cuius
607 1439 663 1496 hoc
687 1447 734 1497 est
755 1442 882 1497 initium:
906 1439 1048 1497 Laudes
1078 1440 1149 1498 Deo
1180 1441 1297 1497 conci-

219 1528 291 1612 snat
314 1522 415 1579 orbis
437 1522 571 1599 ubique
594 1529 707 1593 totus,
731 1528 791 1600 qui
815 1526 931 1601 gratis
954 1532 1010 1583 est
1031 1525 1221 1582 liberatus.
1259 1524 1297 1580 Et

230 1610 321 1667 intra:
346 1608 501 1664 Coluber
522 1608 623 1665 Adae
645 1610 735 1667 male
758 1627 895 1668 suasor.
932 1610 969 1667 Et
983 1611 1058 1667 haec
1078 1610 1210 1667 secunda
1233 1611 1296 1666 sine

232 1694 319 1752 dubio
344 1695 518 1767 sequentiae
542 1696 605 1751 eius
619 1694 708 1752 editio
732 1701 788 1763 est,
813 1696 991 1771 quaeYsoni
1015 1698 1130 1768 „minus
1152 1689 1295 1768 placuit.“

231 1777 401 1837 Notandum
417 1784 472 1846 est,
488 1780 609 1837 verbum
631 1780 858 1855 redemptus
881 1783 910 1837 in
932 1781 1129 1837 liberatus
1151 1786 1297 1837 mutatum

231 1867 333 1931 fuisse,
358 1869 388 1919 et
401 1881 455 1936 pro
479 1865 679 1939 deceptor,
696 1865 938 1933 curissecundis,
962 1866 1059 1921 male
1083 1882 1223 1936 suasor
1244 1882 1297 1937 po-

233 1952 321 2008 situm
344 1965 426 2005 esse:
451 1951 514 2006 sine
537 1948 625 2008 dubio
641 1967 676 2007 ea
700 1950 736 2008 de
760 1968 859 2018 causa,
883 1957 916 2007 ut
936 1948 1068 2024 syllabae
1084 1953 1161 2007 notis
1177 1947 1297 2003 musicis

231 2035 367 2110 praecise
379 2034 604 2107 responderent.
627 2034 713 2105 Quod
725 2036 923 2109 hymnologos
937 2035 1044 2100 adhuc,
1059 2031 1158 2098 credo,
1170 2032 1265 2087 latuit.
1272 2028 1297 2095 *l

299 2195 326 2260 *)
344 2194 487 2246 Natlerum
501 2194 628 2245 delectum
639 2194 832 2259 sequentiarum
850 2206 958 2243 suarum
970 2191 1112 2243 instituisse
1125 2192 1194 2243 inter
1211 2204 1298 2242 amnes

234 2266 343 2315 canstat.
384 2261 558 2328 Exemplaria
585 2276 646 2312 mss.
667 2260 743 2312 luiso
766 2260 858 2312 libelli
879 2258 1149 2324 Sequentiarumnan
1169 2260 1207 2309 ita
1231 2274 1298 2310 rura

233 2334 299 2390 sunt,
318 2335 345 2382 et
361 2332 387 2381 in
403 2346 453 2380 non
466 2331 543 2380 nullis
557 2328 676 2395 Epistola
688 2326 862 2379 Dedicataria
875 2328 912 2378 ud
923 2325 1088 2378 dutmardum
1112 2326 1298 2378 Vercellensem

234 2400 381 2465 episcopum
398 2398 499 2462 scripta
512 2398 660 2462 praeeedit,
679 2411 756 2461 quam
774 2410 900 2446 excusam
923 2394 1047 2445 labemus
1069 2409 1091 2445 e.
1110 2412 1132 2461 q.
1151 2394 1224 2460 apud
1240 2390 1297 2444 Ma·

234 2466 362 2519 monium
379 2465 405 2517 in
424 2464 497 2515 Actis
514 2462 670 2517 Sanctorum
696 2461 757 2515 Ord.
780 2460 807 2513 S.
830 2461 927 2514 Bened.
955 2461 1012 2513 VH.
1026 2478 1054 2528 p.
1076 2443 1118 2522 ts,
1169 2462 1234 2513 libra
1251 2474 1298 2511 ms.

237 2532 398 2586 cluniacensi
414 2530 474 2595 (Μ),
492 2546 509 2581 a
528 2532 565 2582 ud
580 2532 684 2583 Pezium
706 2532 732 2581 in
751 2528 887 2581 Thesauro
904 2529 1094 2581 anecdotorum
1112 2529 1135 2583 I.
1148 2545 1177 2595 p.
1196 2528 1236 2580 17.
1254 2526 1300 2591 (P)

235 2602 307 2670 apud
324 2600 478 2652 Gendertum
515 2596 580 2651 eds.
600 2598 627 2650 S.
645 2599 667 2649 I.
681 2614 710 2664 p.
729 2596 790 2657 412,
807 2612 910 2648 uersam
928 2598 1022 2649 maiori
1039 2612 1075 2647 ex
1087 2600 1170 2663 parte
1191 2598 1217 2647 in
1239 2611 1298 2663 qer-

236 2670 361 2721 musicam
380 2670 491 2732 linquam
510 2667 583 2746 apud
598 2664 732 2717 Ramdacl
758 2663 835 2715 Anti.
856 2665 879 2715 I.
892 2681 921 2731 p.
946 2662 1008 2715 210.
1044 2663 1125 2727 Quum
1144 2668 1196 2715 tam
1219 2677 1300 2729 qreve

236 2737 269 2788 sit
287 2735 367 2787 iuius
380 2734 507 2802 epistolae
523 2750 550 2785 sn
567 2733 687 2785 Historia
704 2731 903 2798 Sequentiarum
922 2737 1082 2792 momentum,
1101 2733 1126 2782 in
1144 2732 1200 2798 ipso
1211 2727 1299 2782 monis·

237 2804 317 2855 steria
335 2802 520 2862 San-Gallensi
542 2816 589 2867 eqo
613 2803 668 2851 eius
690 2800 853 2851 collationem
875 2813 965 2848 nouam
987 2800 1014 2847 in
1038 2796 1098 2847 dod.
1116 2793 1163 2847 llo.
1182 2795 1244 2844 381.
1262 2799 1299 2844 tn-

237 2873 315 2932 stitui,
333 2886 370 2921 ex
387 2884 437 2936 qua
456 2883 512 2919 eam
530 2866 678 2920 Dactissirni
690 2865 775 2918 Nealii
793 2865 961 2933 disputationi
977 2862 1099 2915 adscribo
1117 2877 1174 2914 eum
1188 2862 1300 2928 scripta

239 2954 286 2991 rae
304 2938 456 2991 diiersitate
472 2937 499 2986 in
516 2934 546 2987 Μ
562 2940 588 2988 et
604 2936 629 2985 P
644 2935 725 2995 odvia,
744 2934 788 3000 qui
804 2933 931 2984 nonnullis
948 2932 973 2982 in
992 2932 1055 2982 loeis
1072 2932 1133 2980 sunt
1145 2927 1302 2993 compendi.

506 3018 662 3087 Diqnissimo
683 3018 832 3071 successori

307 3090 451 3157 abbatique
473 3089 589 3141 camelli
614 3086 777 3138 Sanctissimi
800 3085 948 3136 Columdam‘
970 3083 1008 3134 Ae
1031 3081 1173 3148 Defensori
1194 3082 1303 3133 cellulae

245 3211 249 3219 ,
309 3159 428 3226 ἀίεείριιᾶ
445 3158 501 3209 eius
518 3156 646 3209 mitissimi
665 3154 732 3206 Galli
748 3168 796 3204 nee
813 3168 864 3204 non
886 3156 912 3203 et
935 3151 1042 3203 eradica
1062 3152 1145 3201 eliano
1168 3150 1302 3215 qloriosis-

306 3226 541 3294 simiimperataris
555 3222 647 3275 Karoli
658 3220 790 3274 Notlserus
798 3219 960 3271 desultorius
974 3215 1021 3269 Sti.
1056 3218 1100 3269 alli
1111 3215 1304 3288 durissimusl)

312 3312 373 3364 Cum
391 3310 628 3362 addueiuuenulus
645 3322 728 3359 essem
747 3310 773 3357 et
789 3305 916 3357 melantiae
937 3302 1101 3368 lonqissimae
1123 3302 1228 3369 saepius
1251 3315 1303 3351 ms-

242 3381 342 3435 moriae
359 3379 555 3434 commendatae
575 3376 694 3428 instabile
717 3375 849 3427 corculum
872 3371 1039 3437 ausuqerent,
1058 3370 1131 3435 caepi
1144 3369 1239 3420 tacitus
1252 3383 1304 3419 me·

242 3465 298 3501 eum
315 3449 425 3507 valuere,
443 3461 553 3512 quanam
571 3444 706 3495 medaeas
718 3441 853 3509 potuerim
867 3439 1023 3505 collisani)
1052 3436 1306 3501 lateamumnttqa,

243 3521 270 3568 ut
280 3515 424 3585 presbyter
437 3512 591 3580 quidam'de
607 3512 742 3578 qimediat)
758 3522 843 3575 nuper
860 3523 876 3558 u
894 3504 1067 3558 Nardmunnis
1079 3507 1189 3564 vastata,
1207 3505 1306 3555 ueniret

244 3586 279 3637 sd
294 3599 350 3643 nos,
367 3581 577 3649 admissarium
595 3595 668 3631 suum
688 3579 812 3643 deserens
829 3590 929 3633 secum,
951 3575 977 3625 in
998 3589 1047 3641 quo
1066 3573 1146 3638 aliqui
1162 3585 1253 3623 versia
1271 3570 1308 3621 ad

244 3653 392 3719 sequentias
409 3653 486 3701 erant
502 3649 634 3701 modulati.
669 3647 782 3709 Quarum
802 3648 830 3695 ut
847 3658 897 3695 usu
914 3643 1068 3701 delectatus,
1092 3641 1130 3692 ita
1151 3655 1207 3690 sam
1229 3641 1307 3705 qustu

245 3720 411 3772 amaricatus.
451 3716 493 3767 Ad
512 3717 680 3767 imitationem
704 3719 789 3764 tamen
811 3713 926 3772 earum⁵)
948 3711 1021 3777 coepi
1043 3708 1175 3759 seribere:
1201 3705 1307 3756 laudes

246 3788 369 3849 damiam)
387 3785 506 3838 eondnat
524 3783 595 3836 ardis
612 3783 704 3849 ubique
725 3781 820 3842 totus)
842 3780 886 3845 qui
909 3779 994 3845 qratis
1017 3779 1057 3828 est
1080 3776 1237 3842 redemptus.
1273 3771 1308 3823 at

245 3855 331 3922 infra:
351 3854 461 3906 domum
477 3852 552 3903 Adae
569 3851 726 3918 deceptori)
761 3848 830 3910 Quas
852 3862 909 3899 eum
927 3846 1052 3911 maqistro
1070 3858 1127 3894 meo
1144 3842 1217 3893 Isani
1234 3841 1306 3893 adtu-

298 4008 315 4060 1)
329 4007 358 4050 1.
372 4008 475 4049 Summae
490 4003 616 4046 sanctitatis
630 4003 716 4049 merito,
731 4001 810 4044 summi
825 3998 941 4042 sacerdotii
955 3998 1034 4039 decoro
1052 3995 1169 4054 sublimato
1187 3992 1308 4049 Liutwardo

248 4057 427 4113 incomparabilis
442 4056 482 4099 siri
496 4054 585 4098 Eusebii
600 4052 775 4095 lomenensistt
793 4052 864 4104 iscopi
878 4049 1006 4101 dignissimo
1021 4054 1062 4088 etc.
1084 4048 1119 4089 Sic
1134 4052 1197 4087 ettam
1206 4042 1309 4085 Trtthmm

248 4108 346 4203 gesem
363 4116 378 4151 t.
393 4108 479 4150 Eccles.
494 4106 575 4158 am)
595 4104 617 4147 in
635 4064 842 4163 suooodieedegit.
868 4100 1003 4159 liutwardus
1018 4097 1163 4139 Vei-cellensis
1177 4095 1308 4146 Episcopus,

278 4161 320 4204 soli
351 4157 560 4213 rassilmparatosis
574 4155 732 4198 cancellarius.
760 4153 845 4206 Scripta
865 4151 927 4194 esti]
944 4150 1007 4192 istola
1026 4154 1076 4190 anta
1096 4158 1178 4189 annum
1197 4144 1243 4187 sat.
1265 4152 1308 4196 quo

249 4212 340 4255 Carolus
354 4209 447 4264 impen'o
461 4214 482 4251 at
496 4209 537 4251 sita
552 4206 628 4256 cessit,
644 4206 762 4248 Salomone
776 4205 870 4245 necdum
886 4202 908 4244 S.
922 4162 977 4244 dun
992 4198 1077 4241 abbate.

297 4277 524 4331 ²)M.colligara.
554 4267 880 4325 staminias-inisero.
912 4265 1120 4324 sinuaminis.
1149 4261 1310 4316 (Gcmcttcsnss

250 4328 414 4378 monasterinm,
428 4327 539 4381 lumtdges
556 4325 582 4368 att
601 4325 725 4377 Sequanam
744 4322 810 4382 situm
823 4322 879 4364 intra
899 4320 1050 4402 liotomapum
1074 4321 1179 4359 vastatum
1203 4319 1237 4353 ost
1253 4310 1298 4353 att.

251 4380 277 4423 ll.
291 4382 315 4423 P.
329 4379 479 4428 modulati,
495 4378 541 4420 ssd
556 4376 607 4419 iam
625 4383 689 4417 tnnc
708 4374 837 4417 nimirum
856 4373 958 4415 vittati.
999 4368 1050 4421 ill.
1065 4367 1089 4409 l’.
1104 4363 1262 4407 eorundem.
1290 4360 1301 4395 ὕ

251 4430 394 4476 [Eliso.
420 4425 788 4483 illitorbisunivarsus.
815 4424 834 4475 8)
849 4424 873 4465 1¹.
887 4422 1073 4465 malesuasor.
1101 4413 1311 4468 (larbacaluber
