3242 5134
247 660 361 721 Gallice
381 663 583 722 Narbonensis
612 661 764 738 oppidum)
792 665 938 721 educatus
968 673 1110 738 patronus
1141 674 1188 723 est
1217 667 1311 724 eccie-

250 748 317 803 siee
335 749 535 820 Pallantinsc,
558 766 636 823 quse
667 748 819 806 dexterum
842 753 906 806 eius
928 751 1083 807 humerum
1107 757 1137 807 et
1158 752 1312 808 brachium

247 839 390 893 asservat.

680 947 797 956 -ο---ι
802 949 829 954 --
834 949 880 956 η..

334 1089 403 1150 toa.
448 1076 567 1157 [saue
587 1079 686 1146 cuive
707 1084 835 1146 cuncto
856 1101 1001 1163 pmcne.
1047 1093 1079 1148 [u
1102 1091 1311 1148 Nativitute

247 1172 292 1227 B.
310 1176 337 1234 V.
359 1175 478 1232 Nenle
501 1175 569 1248 Sep.
591 1193 620 1247 p.
646 1171 705 1231 179
728 1192 744 1230 e
767 1175 881 1230 Missaii
904 1175 1085 1232 'fornacensi
1112 1171 1210 1246 1511111

254 1310 389 1378 1.Snlve,
405 1310 498 1377 sslve,
513 1310 624 1368 Ssuctn
638 1308 763 1366 Parcus:
783 1310 809 1369 3.
823 1312 918 1366 Intrat
940 1311 993 1367 llic
1016 1318 1103 1383 porto
1125 1314 1228 1368 clauso

294 1395 440 1454 Gobrielis
461 1393 554 1452 verbo
576 1411 695 1470 parens,
824 1396 877 1450 Cui
900 1403 1008 1451 riatnro
1029 1414 1083 1452 nec
1107 1403 1154 1452 cst
1176 1415 1249 1452 num

330 1479 463 1540 Verbum
486 1477 577 1537 verbo
600 1480 748 1553 concipis:
866 1481 926 1535 Nec
950 1487 1057 1553 potens
1081 1483 1238 1548 resisteret.

289 1565 373 1623 Coeli
395 1570 494 1638 portu,
515 1569 621 1639 portus
644 1565 744 1632 muris,
824 1564 884 1621 Sed
907 1566 1029 1621 miratur
1052 1573 1082 1621 et
1105 1561 1234 1623 adorat:¹

285 1650 401 1709 Sancta
423 1653 518 1706 muter
540 1667 645 1723 expers
669 1649 757 1705 maris
823 1650 935 1705 Nomen
960 1650 1050 1718 audit,
1074 1670 1135 1708 rem
1159 1655 1276 1726 ignorat

328 1736 418 1806 Quae
439 1739 575 1790 naturum
598 1732 718 1808 decipis.
865 1736 992 1808 Virginis
1016 1755 1190 1809 puerperae.

232 1848 344 1913 2.Ros
369 1857 400 1912 in
421 1854 518 1912 vellus
538 1860 573 1909 ut
595 1851 759 1919 descendit,
779 1855 807 1910 4.
823 1853 871 1909 Sic
894 1855 1031 1926 perflavit
1053 1856 1164 1910 Auster
1191 1857 1311 1911 hortum

276 1939 370 1999 Sicut
391 1941 501 1996 vitrum
523 1939 568 1996 sol
589 1936 736 2004 accendit,
822 1938 856 1994 In
880 1956 939 2011 quo
963 1942 1039 1994 socri
1061 1940 1142 1995 floris
1166 1944 1283 2012 portum

327 2027 370 2084 Et
391 2025 499 2082 transit
519 2025 664 2091 innoxius,
865 2023 984 2097 Riguvit
1007 2024 1188 2090 ramentum

279 2110 335 2169 Sic
368 2108 524 2167 obumbret
546 2109 645 2165 Virtus
668 2107 774 2174 Patris,
820 2108 852 2162 [n
876 2125 907 2162 sc
931 2109 1039 2164 clausit
1062 2110 1149 2164 stello
1171 2111 1265 2166 soicm

261 2195 337 2253 ·Sic
360 2192 521 2251 foecundat
544 2195 639 2250 sinum
661 2191 775 2259 Matris,
826 2194 901 2248 Dum
925 2195 1063 2266 concepit
1085 2195 1174 2266 Virgo
1196 2194 1311 2267 protem

327 2283 393 2338 Imo
416 2279 584 2356 gloriosius.
864 2278 944 2333 Nutu
969 2279 1068 2334 Sancti
1092 2278 1227 2352 Spiritus.

474 2397 502 2455 5.
537 2397 683 2453 Gabrieiis
707 2396 771 2452 Ave
795 2402 930 2452 sanctum

539 2483 619 2539 Evae
641 2476 757 2547 nomen,
781 2481 861 2538 Evae
884 2483 1036 2555 planetum

524 2609 526 2614 -
579 2568 732 2624 Convertit
752 2568 782 2622 in
804 2567 929 2639 gaudia:

537 2654 592 2709 1110
615 2651 706 2708 verbo
730 2652 852 2707 salutari

537 2738 595 2794 Pcr
617 2755 671 2792 nos
696 2736 768 2793 velis
792 2738 927 2793 salutari:

579 2824 644 2879 Ave
666 2822 756 2896 plens
778 2825 883 2900 grstia„

679 2985 873 2995 .-—-.--—.⁴-

331 3115 401 3175 tot.
427 3102 586 3188 [Liprtnm
615 3102 705 3167 ottae
730 3102 944 3188 quaerimur.
989 3110 1047 3167 Per
1079 3113 1309 3169 001001110-

246 3197 421 3262 tivitutis
437 3199 477 3266 B.
500 3198 533 3256 V.
549 3197 581 3254 E.
596 3196 712 3253 Misssli
733 3196 904 3253 Mutinensi.
920 3196 1073 3255 Ecclesiol.
1097 3198 1212 3254 XCVII.
1229 3199 1306 3271 Aug.

260 3283 339 3346 istu
360 3305 391 3362 p.
414 3278 495 3350 2831

259 3422 278 3479 i.
289 3422 414 3496 Lignum
436 3420 515 3477 vitae
538 3418 717 3492 quaerimus,
776 3416 803 3476 3.
817 3418 899 3474 Haec
922 3419 1013 3492 Virgo
1036 3436 1192 3496 puerpera,

289 3507 346 3576 Qui
367 3508 459 3563 vitam
474 3505 625 3560 amisimus
780 3534 784 3542 ·
820 3505 902 3560 Haec
927 3522 997 3559 crux
1021 3505 1181 3570 sulutifera,

329 3592 441 3647 Fructu
462 3589 535 3663 ligni
557 3589 656 3645 vetiti:
863 3590 958 3644 Ambo
981 3590 1063 3662 ligna
1085 3591 1226 3661 mystica:

288 3676 351 3734 Nec
371 3678 524 3731 inventum
546 3674 662 3731 noverit
818 3674 901 3729 Haec
924 3692 1054 3747 yssopns
1076 3674 1204 3740 humilis,
1226 3701 1269 3713 —-

288 3760 346 3832 Qui
367 3761 496 3817 fructum
518 3777 577 3815 non
599 3757 707 3814 viderit
820 3759 876 3814 Illa
899 3757 1006 3814 cedrus
1029 3759 1144 3826 nobilio,

330 3845 553 3902 Adhaerentem
576 3845 676 3916 stipiti
860 3843 993 3918 Utraque
1016 3844 1141 3901 vivifica.

249 3963 274 4024 2.
283 3966 421 4033 Fructus,
443 3981 497 4037 per
520 3981 608 4039 quem
630 3963 746 4029 vivitur,

286 4049 412 4117 Pendet,
437 4051 514 4106 sicut
537 4047 676 4115 creditur,

328 4129 458 4210 Virginis
481 4132 519 4190 cd
541 4134 648 4190 uberat
777 4134 805 4189 4.
819 4132 939 4189 Positus
960 4133 990 4189 in
1011 4132 1119 4200 medio,

286 4220 324 4277 Et
345 4219 384 4277 sd
407 4236 526 4277 crucem
546 4221 653 4275 iterum
817 4216 882 4285 Quo
904 4234 951 4273 me
974 4224 1088 4274 vertam
1110 4217 1222 4273 nescio:

287 4306 461 4364 interviros
477 4305 624 4362 scelerum
816 4303 849 4357 In
872 4304 930 4359 hoc
953 4302 1032 4359 dulci
1055 4303 1143 4358 dubio

328 4391 440 4449 Passus
463 4391 594 4465 quinque
616 4389 747 4476 vulnera.
818 4387 920 4446 Dulcis
943 4395 990 4446 est
1012 4388 1141 4450 collatio.
