3242 5134
309 364 338 420 1.
376 361 508 432 Quorum
528 362 559 420 in
581 361 691 436 gloria,
721 363 1057 436 quorsumnam,
1079 364 1170 421 taeda
1192 365 1410 458 uicatim:
1451 395 1464 452 ¹.

376 448 459 504 Unus
481 463 500 504 a
521 444 654 510 dextera
677 446 754 506 alter
776 447 814 504 ab
835 448 930 504 altera
952 452 1040 521 parte
1061 449 1258 522 conspicitur.

311 565 339 625 b.
374 565 482 621 Petrus
504 579 576 637 prae
599 564 708 638 gaudio
730 571 820 640 rupto
844 567 972 631 silentio,
995 566 1068 623 visis
1090 567 1256 634 miraculis,

374 650 448 706 Cum
468 651 517 722 pie
540 648 658 723 desipit,
683 668 850 707 sermonem
871 650 976 724 incipit
999 650 1036 707 de
1059 650 1275 711 tabernaculis.

311 768 339 828 6.
377 769 451 825 Cum
471 768 579 824 Petrus
600 770 740 843 loquitur,
765 770 846 825 clara
869 768 1035 826 demittitur
1057 771 1151 828 nubes
1167 773 1197 828 in
1214 771 1355 830 medium:
1384 796 1406 831 ε
1439 805 1464 841 1

374 856 417 910 De
439 854 525 910 nubis
548 853 644 909 medio
667 853 757 909 Pater
778 872 832 927 pro
856 854 928 911 Filio
953 854 1004 910 dat
1026 857 1239 913 testimouium.
1300 871 1305 877 ‘

312 971 340 1034 7.
378 973 425 1029 Ad
447 978 507 1029 tam
529 972 679 1028 insolitum
702 971 738 1029 de
761 973 838 1028 nube
862 974 990 1029 sonitum
1013 973 1123 1031 cadunt
1144 974 1298 1052 discipuli:

375 1059 476 1115 Virtus
498 1057 642 1114 illabitur:
668 1075 763 1114 sermo
787 1057 981 1115 subtrahitur:
1007 1059 1137 1135 caligant
1160 1062 1250 1120 oculi.

316 1180 343 1237 8.
381 1178 519 1233 Accessit
540 1177 676 1250 protinus
701 1175 739 1230 ad
762 1193 866 1233 servos
889 1177 1032 1257 Dominus
1055 1183 1088 1234 ut
1110 1196 1162 1234 eos
1186 1185 1338 1255 tangeret:
1435 1205 1462 1241 ;

378 1262 482 1319 Statim
504 1263 650 1317 restituit:
675 1261 763 1316 silere
787 1264 912 1318 monuit:
937 1262 1031 1319 donec
1053 1270 1236 1338 resurgeret.

201 1454 212 1463 ἣ
316 1384 344 1442 9.
381 1381 480 1438 Solem
502 1381 634 1436 iustitiae
658 1379 796 1435 viderunt
818 1380 907 1437 hodie
929 1382 1071 1438 mortales
1095 1382 1187 1450 oculi;

378 1464 552 1540 Splendoris
575 1467 672 1539 gratia
695 1464 834 1539 designat
855 1466 979 1540 gloriam
1003 1467 1092 1523 futuri
1116 1468 1237 1526 saeculi.

298 1586 345 1645 10.
383 1586 449 1642 axis
471 1562 600 1670 ustum
617 1585 669 1640 roe
692 1584 835 1641 nunnius
859 1583 905 1641 ⁸01
926 1586 956 1641 in
979 1584 1202 1659 splendoribus:

378 1670 472 1739 Quem
495 1671 591 1725 carnis
614 1669 717 1725 trabea
739 1669 860 1726 velabat
882 1675 970 1743 antea
992 1672 1101 1727 nostris
1125 1671 1288 1729 obtutibus.

296 1792 345 1848 11.’
381 1790 472 1846 Cuius
496 1789 653 1845 clementia
675 1805 729 1845 sua
752 1807 805 1845 nos
830 1790 927 1863 gratia
949 1791 1060 1846 sanctis
1083 1792 1229 1848 associet:

374 1875 505 1948 Eiusque
528 1875 630 1942 facies,
654 1891 715 1948 qua
735 1874 832 1948 fulget
853 1875 929 1930 haec
953 1874 1026 1941 dies,
1049 1880 1204 1933 aeternum
1220 1876 1319 1935 salici.

728 2053 923 2070 ...μ-...ἡα-

382 2199 452 2257 567.
476 2152 680 2273 [Speciosam
698 2186 817 2272 [oraro
837 2191 928 2273 proc
943 2191 1037 2262 ruatis
1052 2188 1229 2256 domitium
1245 2189 1455 2256 Iesus*-

294 2286 327 2341 In
349 2284 710 2356 Transfigurationc
732 2283 857 2338 Domini.
902 2282 1016 2339 Neale
1041 2284 1109 2358 Seq.
1132 2303 1160 2358 p.
1178 2283 1240 2343 149
1259 2283 1354 2346 eMis·
1371 2285 1455 2330 ἐ·

297 2370 353 2427 sali
376 2367 586 2441 Salzburgensi
611 2366 690 2424 1515
715 2373 746 2423 et
767 2365 998 2435 Ratisbonensi.]

317 2491 342 2547 1.
366 2488 526 2561 speciosus
549 2487 643 2540 forma
664 2503 736 2559 prae
759 2489 836 2542 natis
859 2488 1010 2543 hominum
1032 2487 1127 2555 Iesus,

314 2575 342 2632 2.
364 2574 485 2629 Vultum
508 2570 678 2626 desiderant
700 2573 784 2627 cuius
806 2572 915 2646 Angeli
939 2571 1079 2628 deifluum
1101 2573 1219 2640 intueri,

315 2659 342 2719 3.
365 2658 423 2714 Pro
446 2657 531 2713 nobis
555 2658 729 2724 exinanitus,
752 2659 782 2713 in
804 2658 900 2716 forma
920 2660 1000 2716 servi
1023 2658 1086 2714 Rex
1107 2657 1291 2730 humiliatus,

314 2744 343 2801 4.
365 2742 461 2799 Hodie
488 2741 598 2798 formae
627 2740 732 2815 pandit
763 2741 879 2799 divinae
906 2743 1003 2800 lucem
1030 2742 1215 2802 inaccessam
1242 2761 1297 2819 per
1318 2743 1404 2800 lu‘
1413 2749 1451 2823 ᾗ

345 2827 348 2833 ’
495 2844 559 2882 cem
582 2815 773 2899 symbolicam
1345 2833 1350 2841 ‘

316 2913 344 2972 5.
369 2914 402 2969 In
423 2917 523 2969 monte
546 2913 775 2985 transfiguratus
799 2912 896 2968 celso:
919 2931 1008 2970 verus
1031 2915 1096 2987 ipse
1118 2931 1202 2970 mons
1218 2910 1449 2970 montiunf31

496 2997 640 3052 excelsior
662 2996 755 3054 coelo.
944 3069 946 3073 Ι

315 3076 343 3142 6.
366 3082 458 3139 Vultu
485 3083 553 3149 soli,
584 3086 667 3138 veste
694 3077 749 3155 par
774 3083 849 3140 nivi:
881 3083 1000 3158 qualem
1030 3083 1085 3142 soli
1115 3087 1176 3142 tres
1199 3068 1447 3142 c'eruebanss

397 3191 400 3195 ·
498 3166 615 3223 deividi.
1213 3163 1217 3168 ’

315 3254 343 3313 7.
367 3253 457 3320 Caro,
492 3253 613 3325 sanguis
642 3269 700 3308 non
723 3253 880 3310 revelavit:
912 3254 966 3310 sed
988 3254 1078 3310 Pater
1101 3255 1253 3325 coelestis,
1276 3252 1445 3312 cuiuff

496 3354 553 3395 vox
575 3336 678 3393 edixit:
949 3346 952 3349 ’
1214 3377 1218 3382 ·
1248 3337 1251 3342 ’

309 3425 343 3486 B.
366 3424 423 3479 Hic
446 3427 492 3479 cst
514 3426 601 3478 natus
624 3423 695 3478 mihi
717 3422 855 3491 dilectus,
879 3425 934 3481 totl
956 3423 1064 3482 mundo
1086 3422 1269 3483 audiendus:

315 3510 343 3568 9.
365 3508 450 3563 Hunc
475 3506 630 3563 docentem
654 3524 771 3581 semper
793 3508 908 3576 audite;
930 3509 986 3565 acii
1009 3519 1112 3566 omncs
1135 3509 1310 3569 obaudite·

296 3594 342 3653 10.
366 3593 391 3649 0
414 3587 485 3649 vere
507 3594 627 3672 nimium
648 3593 738 3660 beati,
760 3593 850 3650 huius
873 3597 981 3652 secreti
1004 3596 1124 3661 conscii,
1220 3601 1248 3660 ,’

260 3733 263 3743 ,
298 3681 344 3737 11.
368 3679 422 3745 Tu,
445 3677 542 3745 Petro,
567 3677 846 3745 Iacobe‚10anues:
871 3696 907 3736 ex
929 3680 1033 3739 clectis
1056 3680 1145 3738 electi
1167 3683 1247 3742 usal
1343 3712 1344 3715 =

298 3765 344 3824 12.
369 3763 505 3821 Mirabile
528 3768 676 3819 secretum
693 3755 838 3819 est'vobis
854 3764 1034 3832 revelatum
1059 3783 1135 3842 quos
1149 3766 1245 3823 nubes
1261 3765 1439 3823 obumf

498 3848 602 3914 bravii,
626 3847 724 3904 Pater·
738 3848 864 3907 edocuit.
1134 3845 1139 3856 ’
1233 3849 1257 3860 ''
1301 3917 1304 3922 Ι

297 3935 344 3995 ta.
368 3933 471 3991 Nubes
498 3933 573 4007 haec
602 3949 661 3987 non
683 3937 841 4001 terrorem,
873 3932 927 3991 sed
949 3937 1062 4009 gratiae
1085 3933 1138 3993 dat
1157 3927 1445 3994 roremc'n015l

496 4019 575 4076 fumo
594 4017 792 4087 >subobscura
817 4018 871 4078 sed
892 4019 1049 4080 lucivoma
1291 4033 1294 4040 ·

271 4186 276 4196 .
299 4104 345 4166 11.
370 4104 395 4162 Ο
419 4121 565 4163 summum
586 4104 713 4180 gratiae!
733 4101 821 4162 'vobis
844 4102 1032 4180 condignum,
1055 4106 1232 4183 Boanergct
