3242 5134
799 479 821 550 'l

275 659 424 744 rebantrp
446 658 627 748 Sequentiae
648 658 688 719 ad
708 656 786 728 illud
802 660 945 732 Alleluia,
967 663 1005 722 dc
1027 681 1087 740 qno
1116 673 1205 725 antea
1234 650 1345 728 dictum

276 752 340 807 est:
358 753 392 806 ut
413 746 514 806 videre
530 751 577 806 cst
598 749 628 806 in
640 748 814 808 missalibus
829 748 1053 842 antiquioribus,
1069 750 1148 811 bunc
1162 754 1193 810 in
1207 752 1343 813 modum:

362 866 784 938 Natnsantesaccula
825 911 832 925 .
877 913 884 927 .
927 913 934 927 .
978 912 984 926 .
1027 868 1055 926 A
1097 870 1121 927 Ε
1164 872 1191 932 U
1232 872 1260 931 Α

360 951 725 1012 DeiFillusinvi··
824 997 830 1010 .
874 996 880 1010 .
926 998 932 1012 .
977 954 1054 1011 ,Ἀ
1097 956 1120 1012 li
1163 957 1190 1016 U
1232 957 1259 1015 A

231 1059 234 1064 ·
333 1035 496 1120 ¹sibilis
518 1040 753 1107 interminus
804 1082 825 1111 ¹.
871 1082 877 1095 .
924 1081 930 1094 .
975 1082 981 1095 .
1026 1039 1054 1097 A
1096 1040 1120 1097 E
1163 1038 1190 1101 U
1231 1042 1259 1100 A
1318 1051 1322 1057 ’

276 1154 402 1232 Semper
423 1162 532 1227 autem,
556 1175 622 1217 cum
644 1157 807 1217 canebatur
829 1158 1000 1235 Sequentia,
1024 1162 1214 1221 omittebatur
1235 1180 1343 1224 neuma

274 1246 348 1316 post
362 1240 499 1299 Alleluia.
522 1242 651 1302 Rubrica
666 1244 911 1304 sarisburiensis:
936 1245 1070 1316 „Deinde
1086 1247 1186 1306 clerici
1200 1250 1342 1323 incipiant

274 1325 406 1385 Alleluia
427 1328 491 1384 sine
512 1336 686 1403 pneumate:
716 1329 798 1407 quod
818 1347 874 1406 per
895 1335 991 1388 totum
1019 1343 1127 1389 annum
1156 1333 1340 1403 observetur,

275 1411 397 1490 quando
420 1410 527 1470 dicitur
550 1417 707 1491 sequentia
735 1421 860 1475 tantum.
912 1414 1037 1487 Quando
1067 1436 1126 1475 non
1156 1416 1265 1477 dicitur
1294 1437 1341 1477 se-

275 1499 409 1576 quantia,
421 1504 494 1606 “tum
515 1498 623 1563 dicitur
643 1492 772 1576 pneuma
792 1518 811 1559 a
833 1506 897 1559 toto
920 1501 1011 1560 choro
1041 1510 1112 1578 post
1133 1507 1341 1578 repetitionem

276 1582 415 1642 Alleluia.

360 1668 533 1728 Notkeriani
554 1674 691 1730 carminis
706 1674 851 1731 rationem
866 1675 1005 1745 permulti
1026 1675 1132 1731 imitati
1148 1680 1232 1733 sunt:
1255 1692 1341 1733 nemo

274 1757 376 1811 tamen
397 1756 502 1812 melius
525 1773 614 1831 qnam
636 1756 870 1816 Godeschalcus.
907 1760 1054 1818 Innumeri
1074 1777 1193 1835 quoque
1216 1763 1342 1834 scripto·

246 1913 250 1918 ι
273 1856 325 1898 res
354 1858 451 1915 usque
480 1840 518 1897 ad
540 1843 692 1901 saeculum
714 1844 789 1902 XVI.
820 1847 990 1919 sequentias
1019 1847 1079 1902 isto
1107 1844 1195 1902 modo
1223 1863 1342 1918 compo·

243 1931 412 1983 „sueruntz
437 1928 594 1985 ieiuniores
618 1946 709 2003 saepe
731 1934 762 1985 et
784 1930 981 1988 obscuriores.
1026 1929 1115 2002 Quis,
1139 1947 1164 1986 e.
1187 1949 1233 2005 g.‚
1263 1930 1341 1985 ferre

274 2008 463 2087 sequentiam
484 2012 651 2071 istiusmodi
673 2015 791 2089 generis
813 2018 935 2087 potest?
972 2014 1071 2086 „Quid
1086 2013 1210 2080 dulcius,
1233 2013 1342 2068 fratres

274 2091 429 2164 carissimi,
452 2102 554 2171 potest
576 2116 594 2155 a
616 2098 791 2155 Christianis
814 2098 922 2164 audiri,
946 2115 1035 2172 quam
1057 2096 1175 2172 quando
1197 2114 1252 2171 per
1274 2114 1342 2154 suo

273 2200 341 2239 rum
362 2181 481 2240 laudem
496 2182 672 2240 Sanctorum
686 2184 753 2239 laus
769 2187 799 2239 ct
815 2182 911 2255 gloria
924 2182 1076 2239 redoletur
1090 2175 1256 2250 Creatori“,
1279 2187 1341 2238 tum

273 2268 304 2325 in
327 2266 430 2325 ordine
456 2267 515 2326 107
538 2266 672 2324 eiusdem
693 2268 850 2341 farraginis
871 2270 997 2324 versus?
1042 2266 1102 2323 Sed
1123 2268 1209 2330 nimis
1232 2266 1341 2324 acerbe

274 2351 313 2409 de
335 2354 372 2410 iis
388 2352 600 2411 iudicaverunt
620 2353 754 2409 homines
777 2353 907 2427 alioquin
931 2350 1102 2409 doctissimi.
1145 2352 1192 2408 Ita
1213 2353 1263 2427 qui
1285 2369 1340 2426 pro

274 2439 407 2513 antiquis
428 2440 605 2513 plerumque
626 2436 780 2511 pugnabat
805 2437 927 2505 ritibus,
945 2438 1000 2493 ·Le
1021 2437 1118 2494 Brun:
1156 2435 1273 2507 „Mais
1296 2432 1341 2493 on'

274 2540 318 2580 ne
340 2522 419 2580 doit
439 2540 504 2598 pas
526 2522 714 2596 beaucoup
729 2527 915 2597 regretter
936 2522 970 2579 la
992 2527 1113 2594 perte,
1135 2521 1170 2577 la
1190 2522 1342 2595 plupart

273 2606 414 2666 n’e'tant
436 2624 503 2684 que
519 2608 560 2664 de
574 2607 786 2682 pitoyables
801 2599 1072 2680 rhapsodies.“
1093 2606 1189 2663 Bilem
1205 2606 1342 2681 scriptori

273 2691 416 2753 movebat
443 2694 507 2760 illa:
536 2721 578 2750 -.-
615 2693 699 2749 Alie
731 2719 771 2730 -
800 2693 946 2749 celeste
983 2709 1133 2748 necnon
1169 2708 1342 2766 perenne

275 2806 318 2818 -
337 2779 426 2837 luia.
471 2777 572 2844 Erant,
595 2779 699 2844 fateor,
722 2779 752 2833 in
775 2779 913 2851 sequiora
935 2792 1010 2832 aevo
1031 2774 1175 2831 inconditi
1197 2792 1288 2848 saepe
1311 2780 1343 2830 ct

273 2865 399 2932 inficeti:
422 2862 477 2921 sed
498 2868 529 2920 ct
549 2869 611 2920 tum
627 2863 769 2936 temporis
789 2865 874 2917 erant
895 2876 1017 2934 quoque
1033 2875 1110 2935 quae
1126 2876 1184 2914 non
1200 2857 1343 2914 carebant

274 2952 350 3010 mira
372 2950 519 3008 suavitate
542 2953 572 3004 et
593 2952 761 3005 venustate.
806 2944 902 3016 Quam
923 2945 1066 3018 religiose
1094 2943 1270 3000 observatus
1292 2941 1342 2998 hic

274 3037 352 3092 ritus
374 3051 492 3107 semper
513 3034 609 3100 fuerit,
633 3035 762 3093 testatur
785 3031 943 3106 sequentia
964 3030 994 3084 in
1022 3029 1073 3084 ills
1094 3027 1189 3084 Missa
1216 3026 1253 3083 dc
1282 3026 1343 3082 An·

276 3120 369 3178 dreae
391 3117 582 3176 Carolstadtii
604 3117 715 3191 nuptiis
738 3114 925 3171 aGcrmanis
948 3112 1139 3169 novatoribus
1163 3112 1342 3185 conscripta.

276 3205 348 3265 Eius
370 3206 558 3280 principium:
583 3203 694 3275 „Deus
716 3203 747 3258 in
768 3206 821 3257 tua
842 3201 951 3257 virtute
974 3196 1110 3253 Andreas
1126 3193 1343 3278 Carolstadtius

271 3289 390 3369 'gaudet
413 3296 443 3347 et
463 3289 594 3349 laetatur
616 3290 646 3345 iu
669 3288 801 3344 thalamo
824 3276 1011 3359 copulatus.“
1123 3333 1126 3338 .

362 3394 401 3450 Et
421 3394 516 3467 primo
539 3390 659 3466 quidem
680 3408 739 3446 uon
761 3389 818 3446 nisi
840 3386 1028 3453 assonantiis,
1050 3384 1107 3452 vel,
1129 3383 1344 3455 utplurimum,

279 3480 481 3542 consonantiis
511 3476 693 3551 simplicibus
722 3474 881 3531 utebantur
915 3472 1136 3546 sequentiarum
1165 3469 1343 3540 scriptores:

281 3566 309 3623 S.
330 3564 485 3622 Notkerus·
502 3563 568 3636 ipse
591 3559 765 3636 aliquando,
788 3565 822 3618 ut
842 3559 873 3617 iu
894 3557 957 3616 Eia
977 3555 1188 3613 recolamus
1211 3552 1345 3631 singulos

228 3680 235 3697 ·
279 3650 572 3723 vasca-plerasque
587 3664 622 3704 er
636 3644 883 3709 intercisionibus,
900 3642 1016 3716 syllaba
1031 3640 1058 3696 A
1072 3638 1196 3696 claudit:
1218 3653 1346 3711 sequenn

279 3738 351 3795 tim
379 3734 475 3792 Laus
504 3732 571 3793 tibi
601 3731 746 3790 Christe
775 3728 815 3794 (in
843 3729 920 3788 sesto
950 3726 1002 3783 SS.
1030 3721 1233 3788 Innocentum)
1262 3724 1292 3778 in
1312 3720 1346 3776 E.
1393 3731 1395 3736 ·

280 3818 449 3896 Aliquando
471 3820 501 3875 iu
523 3816 670 3891 aliquibus
693 3833 729 3874 er
743 3814 849 3874 dioclis
872 3819 903 3871 et
924 3812 1127 3869 intercisiones
1151 3813 1182 3865 et
1202 3809 1277 3864 tinea
1299 3822 1347 3862 as·
1432 3862 1436 3867 .

281 3910 423 3964 sonantes
451 3902 557 3969 babct3
574 3920 599 3959 e.
623 3919 664 3975 ga
709 3901 788 3958 Ero
817 3916 873 3956 nos
902 3897 1116 3972 supplicantes
1135 3883 1140 3969 l
1159 3892 1212 3950 tibi
1242 3888 1348 3948 exaudi

281 3987 439 4067 propitius,
455 3989 565 4046 Sancte
587 3919 771 4061 Spiritus,†l
786 3984 856 4042 Sine
879 4000 937 4063 quo
953 3998 1058 4055 preces
1082 3995 1198 4036 omnes
1218 3966 1223 4053 Ι
1243 3979 1348 4032 cassae

242 4104 245 4108 ·
282 4074 445 4136 creduntur
467 4078 499 4130 et
512 4071 651 4146 indignae
663 4072 718 4130 Dei
740 4069 883 4128 auribus.
900 4057 914 4143 ΙΙ
950 4066 1009 4124 Sed
1023 4067 1098 4122 haec
1115 4081 1174 4120 non
1196 4062 1252 4119 nisi
1270 4076 1348 4116 raro.

284 4163 472 4220 Hermaunus
502 4158 680 4234 &stractus
707 4156 801 4215 multo
830 4154 954 4212 ulterius
984 4148 1188 4226 progreditur:
1216 4148 1243 4201 is
1269 4145 1350 4199 circs
1426 4208 1464 4219 Ὗ

283 4247 371 4306 An.
397 4244 478 4305 1070
500 4243 608 4300 floruit.
652 4241 728 4301 Nam
758 4239 926 4314 duplicibus
949 4235 1150 4296 oonsonantiis
1172 4247 1230 4286 non
1253 4227 1350 4319 solum

284 4334 392 4398 utitur,
422 4335 456 4388 ut
477 4330 508 4390 iu
528 4328 592 4388 illo:
625 4326 671 4384 Tu
693 4326 828 4400 lignum,
858 4324 973 4397 Regem
1002 4326 1100 4378 terrae
1126 4315 1348 4378 dominatorem,

284 4416 435 4478 lloabiticl
457 4412 498 4472 de
511 4417 600 4485 petra
620 4411 733 4470 deserti
745 4409 787 4468 ad
805 4414 937 4468 montem
950 4407 1030 4464 tiliae
1044 4405 1117 4461 Sion-
1137 4396 1309 4460 traduxisti
1322 4384 1336 4472 ΙΙ
