3242 5134
793 472 836 544 1⁰

264 664 424 740 -plicatam
446 664 565 735 sumpta
580 658 688 732 duplex
709 657 864 714 invenitur.
901 651 1054 724 Quaedam
1068 653 1245 728 rhythmica,
1269 668 1347 729 quae

285 755 399 808 certum
420 764 574 806 numerum
589 743 770 819 syllabarum
790 744 821 798 in
834 756 1013 816 unaquaque
1028 739 1163 796 clausula
1185 744 1216 796 et
1237 739 1267 796 in
1289 740 1347 798 linc

285 835 467 893 consimilem
490 833 600 892 exitum
620 829 975 902 duarumpostremarum
989 826 1170 901 syllabarum
1192 842 1259 886 cum
1281 825 1347 883 aliis

286 921 427 979 clausulis
450 909 586 978 servat:“
617 915 742 974 ethaeo
766 919 813 971 est
835 929 871 971 ea
892 914 922 969 in
952 928 1010 987 qua
1032 911 1165 967 Adamas
1188 910 1226 968 de
1248 910 1277 967 S.
1299 911 1348 968 vi·

282 1012 367 1065 'ctore
389 1005 475 1062 facile
497 1004 636 1078 primepa
658 1001 784 1058 exstitit:
814 1015 873 1074 qua
895 997 932 1054 de
955 1014 1046 1053 causa
1067 997 1233 1055 Victorinas
1255 996 1348 1054 hasce

284 1108 444 1166 possumus
465 1104 573 1149 vocare
596 1088 777 1161 sequentias.
817 1084 904 1156 „Alia
917 1099 988 1141 vero
1010 1101 1069 1139 non
1083 1074 1282 1157 rhythmica,“
1305 1082 1348 1137 in·

286 1179 351 1252 quit
365 1176 574 1233 Clichtovaeus
590 1172 652 1248 (qui
666 1174 780 1229 minus
796 1169 840 1226 ad
862 1185 987 1228 aurem<
1004 1168 1204 1242 quamlibet
1224 1166 1347 1241 rhyth-

285 1264 374 1318 mica
397 1260 495 1317 dicere
518 1257 639 1326 debuit),
663 1246 770 1332 „quae'
783 1273 839 1312 nec
863 1254 1058 1312 determinato
1081 1253 1228 1323 clauditur
1258 1253 1349 1326 sylla·

283 1347 387 1403 barum
409 1331 568 1413 numero,‘
591 1343 658 1411 (hoc
688 1335 863 1418 plerumqu'e
887 1341 998 1397 salsum
1020 1345 1075 1407 est,
1104 1344 1138 1395 ut
1162 1339 1238 1395 infra
1268 1356 1349 1395 mon·

285 1430 455 1498 strabimus)
479 1447 596 1505 „neque
623 1430 849 1486 consonantiam
877 1428 906 1483 in
933 1427 1013 1483 exitu
1040 1429 1153 1482 certam
1178 1415 1348 1481 observat.“

284 1517 322 1576 Et
343 1518 419 1575 haec
443 1521 490 1572 est
511 1516 700 1572 Notkeriana.
972 1569 975 1575 ,

548 1670 554 1683 .
597 1671 604 1684 .
682 1669 688 1682 .
858 1665 864 1679 .
910 1613 950 1676 ‘S
981 1621 987 1678 ζ

368 1672 412 1728 De
434 1670 622 1727 Notkenams
644 1685 779 1743 primum.
823 1665 1019 1723 Mrrumamm
1042 1680 1131 1739 quam
1146 1680 1248 1722 crassa
1270 1662 1351 1738 apud

287 1757 422 1813 homines
444 1757 488 1812 rei
509 1755 665 1829 liturgicas
687 1770 746 1811 non
768 1754 889 1827 ignaros
913 1750 950 1807 de
973 1766 1074 1807 earum
1095 1755 1190 1808 metro
1211 1751 1350 1825 ignoran-

285 1844 336 1909 tia,
358 1843 463 1897 mirum
485 1841 679 1915 quantumin
701 1840 774 1913 ipsis
796 1835 969 1893 Missalibus
995 1836 1044 1893 vel
1072 1837 1202 1892 incuriae
1238 1836 1287 1892 vel
1308 1836 1351 1891 in·

239 1965 243 1972 .
286 1925 398 1981 scitiae.
434 1926 506 1992 Nec,
530 1923 611 2000 quod
634 1926 734 1992 sciam,
756 1922 863 1979 Wolfio
885 1922 1050 1997 Monioque
1073 1922 1222 1995 exceptis,
1245 1921 1299 1976 ulli
1321 1922 1351 1977 in

284 2013 413 2065 mentem
443 2011 524 2066 venit
559 2009 680 2083 regulas
708 2009 906 2081 investigare,
936 2024 1042 2064 versus
1071 2006 1223 2073 ordinare,
1261 2007 1351 2062 corri-

285 2092 384 2168 genda
404 2093 452 2151 rel
467 2093 605 2151 facillime
621 2095 780 2169 corrigere.
816 2092 854 2148 Et
869 2109 905 2148 ex
919 2091 976 2149 hoc
993 2094 1215 2166 sequentiarum
1229 2107 1350 2167 genere,

285 2180 366 2253 qnia·
386 2176 577 2235 solutioribus
612 2177 769 2236 videbatur
803 2178 916 2253 regulis
953 2178 1057 2245 teneri,
1087 2179 1117 2234 in
1145 2194 1232 2233 usum
1268 2179 1352 2234 venit

285 2261 366 2319 aliud
380 2280 503 2330 nomen,
533 2261 660 2320 Prosa:
689 2261 771 2338 quod
791 2266 899 2339 postea
921 2262 1055 2319 omnibus
1079 2263 1241 2337 sequentiis
1272 2278 1351 2319 com·

284 2365 371 2407 mnne
389 2348 452 2405 fult.

370 2501 532 2577 Sequentia
554 2501 645 2577 igitur
666 2500 856 2569 Notkeriana,
880 2517 935 2559 seu
956 2499 1060 2569 Prosa,
1090 2517 1125 2560 ex
1153 2502 1267 2559 incerto
1297 2506 1351 2558 nu*

284 2603 366 2644 mero
388 2604 528 2645 versuum
550 2590 684 2645 constat:
709 2587 818 2662 singuli
839 2603 945 2644 versus
966 2604 1002 2645 ex
1030 2587 1144 2644 incerto
1167 2586 1351 2661 syllabarum

285 2689 415 2730 numero.
447 2673 569 2730 'Versus
597 2671 657 2742 bini
687 2676 718 2728 et
738 2670 815 2739 bini,
845 2670 1004 2747 aliquando
1034 2672 1144 2746 plures,
1167 2672 1351 2745 respondent

286 2762 348 2816 tum
369 2755 506 2827 syllabis,
530 2763 593 2816 tum
614 2773 705 2827 saepe
727 2756 915 2824 accentibus,
942 2762 1005 2814 tum
1026 2757 1272 2813 intercisionibus.
1316 2756 1350 2814 In

282 2838 444 2913 plerasque
466 2840 543 2896 enim
562 2840 767 2896 intercisiones
791 2842 854 2898 sive
877 2840 1027 2898 clausulas
1048 2857 1154 2898 versus
1177 2842 1286 2918 singuli
1307 2840 1351 2900 di·

284 2921 439 2982 viduatur:
464 2923 598 2998 exemplo
621 2924 750 2980 sithoc:

349 3075 398 3134 sis
420 3080 451 3136 t'e
473 3074 655 3135 nasciturum
674 3064 679 3153 Ι
697 3076 752 3134 Fssi
772 3076 829 3135 Dei
847 3066 852 3157 Ι
872 3078 957 3137 vates
979 3076 1030 3137 tuo
1051 3077 1131 3137 ddcti
1150 3068 1155 3157 Ι
1175 3079 1284 3180 Spiritu

347 3246 396 3307 Sic
418 3251 449 3307 te
471 3246 585 3307 oriente
603 3235 609 3326 Ι
627 3208 733 3307 laudes
755 3248 808 3307 tibi
828 3238 833 3326 Ι
853 3248 974 3308 cantant
1001 3264 1108 3326 pacem
1135 3165 1308 3327 oerdrqqe'rant

1031 3317 1139 3412 lngeli
1161 3335 1305 3396 nuntiant.

252 3565 262 3582 u
284 3525 411 3579 Gratas
429 3542 519 3580 nunc
537 3542 667 3590 omnes,
685 3530 773 3597 Agni
788 3529 974 3650 paschalis
992 3546 1066 3593 esu,
1085 3529 1223 3585 Laudes
1241 3531 1349 3584 salva·
1373 3591 1378 3601 .

273 3593 367 3656 tori,
395 3594 522 3648 Summi
540 3594 759 3663 triumphum,
814 3598 910 3652 ancti
931 3597 1083 3667 Spiritus
1111 3598 1214 3662 assit,
1244 3598 1349 3652 Bene·

284 3662 379 3715 dicta
408 3677 556 3730 semper,
585 3663 715 3717 Summe
741 3680 798 3719 rex
825 3665 974 3719 Christe.
1017 3666 1055 3719 lit
1079 3667 1105 3719 is
1130 3667 1347 3733 Sequentiarum

283 3734 382 3783 cantus
393 3731 484 3785 adhuc
493 3731 613 3783 obtinuit
623 3732 659 3783 ad
672 3736 799 3799 tempora
811 3733 918 3787 Hieron
939 3734 977 3786 mi
987 3734 1187 3801 Guestphaliae
1205 3735 1283 3803 regis
1301 3735 1350 3815 qui

283 3814 345 3851 cum
364 3798 426 3851 aliis
447 3797 583 3853 ccclesiae
601 3799 702 3865 opibus
721 3809 750 3855 et
767 3802 883 3868 capituli
927 3802 1149 3856 alberstadensis
1162 3800 1275 3855 divitias
1294 3805 1349 3855 dns-

283 3865 387 3934 sipavit
408 3868 493 3922 isid·
515 3867 580 3920 Alia
607 3875 737 3923 senserat
763 3869 918 3924 Lutberus:
936 3869 1081 3926 Deutsche
1106 3869 1201 3924 Messe
1218 3872 1297 3925 1523:
1316 3901 1350 3910 —

282 3934 352 3988 Zum
369 3934 478 3988 ffinften
495 3935 590 3990 lassen
608 3936 660 3990 wir
672 3938 773 3991 kainon
785 3938 914 4006 Sequens
932 3938 1001 3992 oder
1011 3938 1082 3990 Pros
1096 3937 1139 3990 sin
1161 3951 1206 4000 en,
1224 3954 1256 3992 es
1274 3943 1349 3992 wire

283 4004 367 4063 deun,
386 4002 453 4056 dass
472 4002 567 4057 dieser
584 4003 672 4058 iturae
691 4005 821 4073 Sequens
839 4007 894 4060 den
911 4006 1079 4060 Piarrbcrrn
1098 3954 1193 4073 geScl,
1213 4006 1268 4062 don
1284 4023 1349 4061 man

282 4071 334 4124 auf
356 4070 557 4126 Weihnacbten
581 4073 687 4141 singet:
714 4074 818 4128 Grates
843 4088 918 4128 nunc
944 4088 1049 4127 omnes.
1083 4072 1165 4130 lhrer
1191 4074 1254 4128 sind
1278 4077 1349 4130 auch

283 4138 360 4192 nicht
376 4138 432 4198 viel
449 4139 540 4203 mehr,
564 4141 610 4194 die
634 4143 705 4196 nach
727 4144 792 4196 dem
813 4141 896 4196 Geist
917 4141 1095 4203 schmeclrem
1119 4144 1192 4197 obus
1217 4142 1263 4196 dio
1285 4159 1349 4198 man

283 4206 377 4273 singet
394 4206 582 4277 auPllngsten
593 4225 656 4262 vom
670 4212 696 4264 h.
707 4210 799 4264 Gcist:
819 4209 916 4264 Sancti
926 4208 1047 4276 Spiritus
1066 4210 1144 4263 as'slt.
1171 4210 1256 4264 Item:
1276 4212 1348 4266 Veni

283 4277 380 4328 sancte
393 4274 522 4342 Spiritus,
541 4278 646 4332 welche
664 4278 736 4331 doch
749 4278 895 4332 entwcder
912 4279 983 4331 nach
996 4277 1102 4332 Essene
1116 4278 1185 4331 oder
1196 4282 1279 4334 unter
1296 4281 1349 4334 der

283 4342 393 4407 Vesper
402 4344 480 4405 oder,
498 4360 580 4400 wenn
598 4360 629 4398 es
648 4346 711 4398 dem
720 4345 837 4399 Bischof
852 4345 957 4413 gelidi,
976 4349 1058 4400 uuter
1076 4347 1127 4400 der
1135 4346 1230 4402 Messe
1247 4349 1349 4415 mogon

283 4423 429 4479 gmungm
446 4414 570 4467 werden.
591 4411 663 4466 Dan.
