3242 5134
247 561 287 606 sex
302 550 386 608 millis
408 550 541 609 sexcenti
563 547 771 608 Thebaeorum
806 549 932 608 militum
961 549 1012 623 qui
1034 552 1212 609 nnnnimiter
1231 567 1287 626 pro

174 632 178 681 1
246 629 660 709 Ohfistisnispreceslundunt.
684 632 929 691 Ascendistis
952 636 987 690 in
1008 640 1161 693 montem
1180 637 1288 693 iterum
1315 709 1318 713 ι

175 713 176 722 ’
244 719 387 789 speetsted
402 720 525 795 Alpium
537 721 617 795 iuge,
641 719 819 793 quibuscum
840 720 921 776 vitoe
943 719 1124 778 christianas
1138 722 1286 795 asperitas

242 814 270 857 sc
288 805 395 862 culmen
410 805 547 862 Iustitiae
569 805 729 862 confertur.
752 804 780 860 A
801 804 907 861 vobis
929 804 1057 863 bened.

175 1199 177 1214 ,
306 1143 376 1204 bib.
403 1131 588 1217 [Gorodeos
611 1133 760 1200 ccclesia
782 1134 875 1200 bono
898 1135 1069 1200 dieculam
1081 1137 1285 1202 venerando

175 1271 176 1276 1
228 1218 379 1286 celebre&
407 1223 464 1286 'De
487 1227 515 1285 S.
538 1228 774 1284 Emmeremo.
821 1227 910 1286 Thes.
933 1228 968 1285 ll.
992 1245 1020 1303 p.
1044 1228 1093 1289 23.
1122 1228 1212 1285 Mone
1234 1229 1284 1286 lIl.

190 1327 192 1332 '
224 1321 253 1380 P·
276 1312 343 1373 280.
365 1311 429 1380 (Hs.
451 1330 488 1370 zu
509 1310 660 1370 Miinchcn
694 1312 767 1369 clm.
793 1312 903 1372 14045.
944 1312 1116 1371 1211111111.
1153 1312 1188 1368 A.
1212 1313 1284 1372 eim

225 1389 434 1458 1412211111
456 1396 515 1454 den
538 1397 712 1471 Sequenucn
734 1398 864 1454 Notlrers
891 1400 936 1456 ll.
950 1399 1054 1456 Jahrb.
1076 1391 1131 1467 B.)}

306 1535 331 1590 1.
353 1531 496 1590 Gaudens
519 1532 649 1589 ecclesie
677 1533 753 1589 hanc
784 1532 931 1591 dieculam
958 1531 1127 1591 venerando
1152 1535 1284 1592 celebret

215 1617 312 1696 &tque
333 1622 423 1675 cenat
444 1618 514 1675 eltis
535 1617 670 1683 vocibus,

302 1702 331 1762 2.
355 1702 422 1774 Qua
442 1703 548 1760 beatus
572 1703 672 1779 superi
693 1704 857 1776 promeruit
877 1720 971 1779 regno
992 1704 1072 1779 regis
1089 1702 1285 1762 lucidsllme·

214 1795 319 1846 murus
340 1789 415 1845 fletu
438 1787 598 1855 scandere3

302 1873 330 1932 3.
353 1869 449 1943 Quem
471 1889 559 1929 corne
581 1877 677 1929 meter
699 1871 830 1929 Pictoris
853 1871 993 1948 gravido,
1017 1874 1169 1930 civitatum
1193 1872 1284 1949 Aqui·

217 1954 316 2016 heico
338 1958 510 2014 felicissime
532 1959 670 2025 omnium,
693 1958 778 2014 enixe
800 1963 848 2014 est
870 1957 987 2014 dulcem
1009 1957 1110 2026 tilium,

301 2042 330 2100 4.
355 2041 413 2111 Qui
434 2042 500 2116 ipso
523 2044 670 2115 pueritiae
692 2047 826 2117 tempore
848 2060 948 2099 rerum
971 2059 1091 2118 quoque
1103 2043 1285 2102 refutaverat

220 2125 436 2205 transeuntium
458 2124 575 2202 gaudia,
599 2125 771 2183 meditando
795 2128 854 2182 iam
877 2128 1027 2184 coelestia.

195 2239 199 2246 ·
302 2211 330 2271 b.
353 2210 430 2267 Tum
451 2211 530 2268 stole
552 2212 665 2286 gloriae
687 2216 829 2285 teguntur
867 2211 944 2267 colla
968 2212 1107 2285 specioso
1133 2213 1217 2280 huic,
1254 2217 1284 2269 et

225 2302 309 2373 ceput
332 2302 364 2354 et
386 2294 478 2353 corde
500 2295 642 2375 spiritalis
663 2297 764 2352 unctio
787 2313 853 2351 mox
876 2296 1062 2370 impleveram

302 2382 330 2440 s.
355 2380 451 2450 Quem
473 2382 535 2437 suis
558 2381 662 2437 ovibus
688 2384 841 2453 pastorem
877 2386 983 2456 pastor
1018 2380 1209 2457 subrogarat,
1247 2401 1284 2440 ne

225 2459 406 2526 mansuetum
429 2466 507 2523 ovile
530 2466 669 2522 circuiret
690 2464 796 2521 callide
819 2466 881 2539 lupi
903 2465 1010 2523 rabies.

302 2551 332 2612 7.
355 2550 438 2608 Tunc
460 2552 607 2607 instructo
630 2567 723 2625 grege
746 2551 903 2606 commisso
926 2550 1053 2607 accinxit
1074 2552 1119 2607 vir
1134 2568 1201 2609 sese
1224 2552 1284 2610 ale·

224 2639 309 2696 criter
331 2635 431 2694 studio
455 2633 599 2692 dilatandi
622 2636 734 2691 semine
755 2634 824 2691 fidei
847 2637 876 2691 in
900 2652 1004 2710 campo
1029 2636 1130 2703 sterili,

225 2785 227 2792 ,
286 2722 331 2780 ·8.
356 2721 412 2778 Hic
433 2737 602 2795 peragrans
638 2719 706 2776 loca
741 2720 800 2776 iem
836 2721 923 2793 plura
953 2727 983 2777 et
1012 2719 1151 2795 linquens
1174 2721 1284 2798 ubique

221 2807 390 2866 memorium
413 2822 536 2862 suavem
561 2803 756 2861 Ratisbonem
786 2810 909 2861 venerat
938 2804 976 2861 ed
1015 2804 1117 2862 sedem
1153 2806 1284 2880 regalem

220 2889 355 2950 Neriene.
926 2908 929 2913 ·

304 2975 334 3036 s.
358 2974 384 3038 0
407 2990 497 3051 quum
533 2990 608 3051 gens
638 2974 801 3041 fortunate,
840 2973 892 3030 toli
927 2978 997 3029 tunc
1019 2974 1178 3049 peregrino
1194 2969 1283 3032 'mini-

185 3117 189 3126 .
220 3059 344 3122 mundo
366 3065 474 3127 terren,
498 3060 548 3135 qui
571 3063 763 3131 tepesceret
785 3058 909 3132 spiritali
932 3058 1032 3132 copie!

308 3162 355 3222 10.
377 3162 448 3237 lpse
468 3166 500 3219 te
522 3161 701 3218 confortavit
713 3161 780 3218 fuso
796 3177 902 3218 cruore
918 3176 972 3216 suo
988 3165 1019 3217 ct
1030 3162 1146 3218 ornavit
1159 3160 1283 3227 tumulo,

209 3266 297 3319 ,nunc
321 3248 499 3323 amplecitur
520 3244 688 3303 adiuvando
712 3244 826 3313 sedulo,
944 3282 949 3290 -

299 3351 355 3409 Ἠ.
376 3347 454 3405 Nam
475 3346 515 3405 ed
536 3348 647 3404 lectum
682 3347 763 3403 illins
801 3349 882 3404 caeci
919 3348 1028 3403 lumine
1066 3347 1146 3404 claro
1183 3345 1284 3404 videre

218 3436 329 3504 solent,
353 3450 458 3493 vocem
480 3433 621 3489 hauriunt
643 3431 725 3489 surdi
746 3432 899 3507 liquidam,

309 3516 356 3594 12.
378 3533 529 3592 Restituto
553 3532 666 3590 debiles
682 3538 772 3592 ovant
788 3550 925 3608 corpore,
949 3534 1018 3610 salit
1033 3538 1065 3590 ut
1081 3549 1187 3589 cervus
1203 3533 1285 3589 cleu·

219 3622 287 3692 dns,
311 3619 523 3679 demoniacus
544 3619 620 3675 liber
641 3616 752 3674 iubilot.

310 3722 356 3780 13.
377 3721 459 3779 Laus
482 3738 555 3795 ergo
578 3725 720 3794 personet
755 3721 793 3777 cb
831 3738 882 3778 ore
909 3737 1039 3777 consono
1061 3718 1227 3793 principum
1250 3736 1285 3775 ec

218 3809 355 3886 plebium
376 3824 431 3882 pro
454 3811 537 3863 tanto
559 3804 724 3862 medicinae
748 3805 866 3881 gaudio,

309 3909 356 3968 ld
379 3905 545 3984 (iunctique
566 3908 680 3992 pariter
699 3924 856 3981 precemur
877 3904 1035 3972 dominum,
1058 3909 1286 3982 quatenuscon·

219 3995 331 4054 cedere
354 3991 494 4068 dignetur
516 4012 570 4050 nos
592 3992 683 4066 potiri
704 3993 806 4066 requie
906 4035 908 4040 .
948 4060 956 4077 ,

311 4075 364 4138 111.-
382 4077 458 4136 eum
472 4077 657 4135 Emmeramo
677 4077 737 4153 ¹iem
761 4076 836 4132 coeli
859 4073 930 4131 sede
953 4074 1060 4133 locato,
1147 4105 1157 4111 -

187 2093 204 2126 ἱ

1388 3955 1406 3990 δ

306 4197 506 4255 Praeconium
529 4196 558 4253 S.
579 4195 766 4262 emmerami,
789 4192 870 4267 quod
892 4198 940 4250 cst
966 4194 996 4249 in
1017 4193 1288 4251 vetustissimarum

220 4284 461 4360 sequentiarum·
483 4295 619 4348 numero,
655 4296 684 4353 a,
700 4279 831 4335 Notlrero
868 4278 1037 4335 conlectum
1063 4294 1132 4336 esse
1167 4277 1287 4336 difficile
