<?xml version="1.0" encoding="UTF-8"?>
<!DOCTYPE html PUBLIC "-//W3C//DTD XHTML 1.0 Transitional//EN"
    "http://www.w3.org/TR/xhtml1/DTD/xhtml1-transitional.dtd">
<html xmlns="http://www.w3.org/1999/xhtml" xml:lang="en" lang="en">
 <head>
  <title>
</title>
<meta http-equiv="Content-Type" content="text/html;charset=utf-8" />
  <meta name='ocr-system' content='tesseract 3.04.00' />
  <meta name='ocr-capabilities' content='ocr_page ocr_carea ocr_par ocr_line ocrx_word'/>
</head>
<body>
  <div class='ocr_page' id='page_1' title='image "./thesaurushymnol01danigoog_0271.png"; bbox 0 0 3242 5134; ppageno 0'>
   <div class='ocr_carea' id='block_1_1' title="bbox 254 545 1362 715">
    <p class='ocr_par' dir='ltr' id='par_1_1' title="bbox 254 545 1362 715">
     <span class='ocr_line' id='line_1_1' title="bbox 254 545 1362 630; baseline -0.005 -18"><span class='ocrx_word' id='word_1_1' title='bbox 254 569 317 612; x_wconf 60' lang='lat' dir='ltr'>mm</span> <span class='ocrx_word' id='word_1_2' title='bbox 332 553 543 630; x_wconf 67' lang='lat' dir='ltr'>§trophoniae</span> <span class='ocrx_word' id='word_1_3' title='bbox 563 553 642 612; x_wconf 74' lang='lat' dir='ltr'>nach</span> <span class='ocrx_word' id='word_1_4' title='bbox 664 559 723 611; x_wconf 84' lang='lat' dir='ltr'>v&#39;on</span> <span class='ocrx_word' id='word_1_5' title='bbox 745 545 842 610; x_wconf 74' lang='lat' dir='ltr'>etiem</span> <span class='ocrx_word' id='word_1_6' title='bbox 855 551 1078 610; x_wconf 73' lang='lat' dir='ltr'>stanztsischen</span> <span class='ocrx_word' id='word_1_7' title='bbox 1093 550 1148 618; x_wconf 82' lang='lat' dir='ltr'>Vs.)</span> <span class='ocrx_word' id='word_1_8' title='bbox 1191 551 1308 608; x_wconf 81' lang='lat' dir='ltr'>Neale</span> <span class='ocrx_word' id='word_1_9' title='bbox 1361 620 1362 623; x_wconf 8' lang='grc' dir='ltr'><strong>Ἴ</strong></span> 
     </span>
     <span class='ocr_line' id='line_1_2' title="bbox 255 636 1310 715; baseline -0.003 -20"><span class='ocrx_word' id='word_1_10' title='bbox 255 655 312 715; x_wconf 81' lang='lat' dir='ltr'>eq.</span> <span class='ocrx_word' id='word_1_11' title='bbox 336 659 366 715; x_wconf 88' lang='lat' dir='ltr'>p.</span> <span class='ocrx_word' id='word_1_12' title='bbox 393 640 454 697; x_wconf 73' lang='grc'>144</span> <span class='ocrx_word' id='word_1_13' title='bbox 476 657 492 698; x_wconf 85' lang='lat' dir='ltr'>e</span> <span class='ocrx_word' id='word_1_14' title='bbox 513 639 630 698; x_wconf 80' lang='lat' dir='ltr'>Missuli</span> <span class='ocrx_word' id='word_1_15' title='bbox 653 639 834 696; x_wconf 88' lang='lat' dir='ltr'>Tornacensi</span> <span class='ocrx_word' id='word_1_16' title='bbox 850 636 883 694; x_wconf 91' lang='lat' dir='ltr'>T.</span> <span class='ocrx_word' id='word_1_17' title='bbox 904 637 1090 694; x_wconf 79' lang='lat' dir='ltr'><strong>Narbonensi</strong></span> <span class='ocrx_word' id='word_1_18' title='bbox 1109 637 1144 697; x_wconf 90' lang='lat' dir='ltr'>N.</span> <span class='ocrx_word' id='word_1_19' title='bbox 1161 642 1191 693; x_wconf 90' lang='lat' dir='ltr'>et</span> <span class='ocrx_word' id='word_1_20' title='bbox 1214 636 1310 694; x_wconf 84' lang='lat' dir='ltr'>Clieh·</span> 
     </span>
    </p>
   </div>
   <div class='ocr_carea' id='block_1_2' title="bbox 254 722 429 793">
    <p class='ocr_par' dir='ltr' id='par_1_2' title="bbox 254 722 429 793">
     <span class='ocr_line' id='line_1_3' title="bbox 254 722 429 793; baseline 0.017 -15"><span class='ocrx_word' id='word_1_21' title='bbox 254 740 348 783; x_wconf 71' lang='lat' dir='ltr'>rvaeo</span> <span class='ocrx_word' id='word_1_22' title='bbox 374 722 429 793; x_wconf 73' lang='lat' dir='ltr'>Ol]</span> 
     </span>
    </p>
   </div>
   <div class='ocr_carea' id='block_1_3' title="bbox 256 845 1309 1020">
    <p class='ocr_par' dir='ltr' id='par_1_3' title="bbox 256 845 1309 1020">
     <span class='ocr_line' id='line_1_4' title="bbox 256 845 1309 934; baseline -0.003 -18"><span class='ocrx_word' id='word_1_23' title='bbox 256 859 288 916; x_wconf 84' lang='lat'>1.</span> <span class='ocrx_word' id='word_1_24' title='bbox 308 858 416 917; x_wconf 80' lang='lat' dir='ltr'>Gaude</span> <span class='ocrx_word' id='word_1_25' title='bbox 431 859 535 927; x_wconf 87' lang='lat' dir='ltr'>Roma,</span> <span class='ocrx_word' id='word_1_26' title='bbox 559 865 650 934; x_wconf 87' lang='lat' dir='ltr'>caput</span> <span class='ocrx_word' id='word_1_27' title='bbox 664 845 774 927; x_wconf 85' lang='lat' dir='ltr'>mundi,</span> <span class='ocrx_word' id='word_1_28' title='bbox 800 859 828 920; x_wconf 82' lang='lat'>8.</span> <span class='ocrx_word' id='word_1_29' title='bbox 844 858 932 928; x_wconf 84' lang='lat' dir='ltr'>Quod</span> <span class='ocrx_word' id='word_1_30' title='bbox 951 857 1087 932; x_wconf 90' lang='lat' dir='ltr'>negando</span> <span class='ocrx_word' id='word_1_31' title='bbox 1104 863 1148 914; x_wconf 87' lang='lat' dir='ltr'>ter</span> <span class='ocrx_word' id='word_1_32' title='bbox 1163 860 1309 932; x_wconf 74' lang='lat' dir='ltr'>peccavit,</span> 
     </span>
     <span class='ocr_line' id='line_1_5' title="bbox 300 944 1226 1020; baseline -0.002 -18"><span class='ocrx_word' id='word_1_33' title='bbox 300 945 422 1002; x_wconf 82' lang='lat' dir='ltr'>Primus</span> <span class='ocrx_word' id='word_1_34' title='bbox 444 950 549 1020; x_wconf 83' lang='lat' dir='ltr'>pastor</span> <span class='ocrx_word' id='word_1_35' title='bbox 570 946 600 1002; x_wconf 93' lang='lat' dir='ltr'>in</span> <span class='ocrx_word' id='word_1_36' title='bbox 623 945 745 1002; x_wconf 89' lang='lat' dir='ltr'>secundi</span> <span class='ocrx_word' id='word_1_37' title='bbox 800 945 804 952; x_wconf 89' lang='lat'>&#39;</span> <span class='ocrx_word' id='word_1_38' title='bbox 842 945 971 1017; x_wconf 83' lang='lat' dir='ltr'>Simplex</span> <span class='ocrx_word' id='word_1_39' title='bbox 992 960 1074 999; x_wconf 89' lang='lat' dir='ltr'>amor</span> <span class='ocrx_word' id='word_1_40' title='bbox 1097 944 1226 1017; x_wconf 83' lang='lat' dir='ltr'>expiavit</span> 
     </span>
    </p>
   </div>
   <div class='ocr_carea' id='block_1_4' title="bbox 300 1027 720 1172">
    <p class='ocr_par' dir='ltr' id='par_1_4' title="bbox 300 1027 720 1172">
     <span class='ocr_line' id='line_1_6' title="bbox 323 1027 720 1087; baseline -0.003 -1"><span class='ocrx_word' id='word_1_41' title='bbox 323 1029 480 1087; x_wconf 88' lang='lat' dir='ltr'>Laudetur</span> <span class='ocrx_word' id='word_1_42' title='bbox 502 1031 634 1087; x_wconf 87' lang='lat' dir='ltr'>victoria.</span> <span class='ocrx_word' id='word_1_43' title='bbox 714 1027 720 1037; x_wconf 95' lang='lat'><em>&#39;</em></span> 
     </span>
     <span class='ocr_line' id='line_1_7' title="bbox 300 1114 688 1172; baseline 0.003 -2"><span class='ocrx_word' id='word_1_44' title='bbox 300 1114 400 1172; x_wconf 88' lang='lat' dir='ltr'>Totus</span> <span class='ocrx_word' id='word_1_45' title='bbox 424 1114 503 1172; x_wconf 91' lang='lat' dir='ltr'>orbis</span> <span class='ocrx_word' id='word_1_46' title='bbox 525 1115 688 1171; x_wconf 86' lang='lat' dir='ltr'>hilarescat</span> 
     </span>
    </p>
   </div>
   <div class='ocr_carea' id='block_1_5' title="bbox 840 1029 1178 1188">
    <p class='ocr_par' dir='ltr' id='par_1_5' title="bbox 840 1029 1178 1188">
     <span class='ocr_line' id='line_1_8' title="bbox 862 1029 1178 1085; baseline -0.003 -1"><span class='ocrx_word' id='word_1_47' title='bbox 862 1029 900 1085; x_wconf 86' lang='lat' dir='ltr'>Et</span> <span class='ocrx_word' id='word_1_48' title='bbox 922 1030 1000 1084; x_wconf 87' lang='lat' dir='ltr'>trina</span> <span class='ocrx_word' id='word_1_49' title='bbox 1023 1029 1178 1085; x_wconf 86' lang='lat' dir='ltr'>consessio.</span> 
     </span>
     <span class='ocr_line' id='line_1_9' title="bbox 840 1113 1158 1188; baseline -0.003 -18"><span class='ocrx_word' id='word_1_50' title='bbox 840 1113 975 1188; x_wconf 79' lang='lat' dir='ltr'>Angelus</span> <span class='ocrx_word' id='word_1_51' title='bbox 999 1129 1016 1167; x_wconf 91' lang='lat' dir='ltr'>a</span> <span class='ocrx_word' id='word_1_52' title='bbox 1039 1130 1158 1169; x_wconf 90' lang='lat' dir='ltr'>carcere</span> 
     </span>
    </p>
   </div>
   <div class='ocr_carea' id='block_1_6' title="bbox 300 1197 1199 1266">
    <p class='ocr_par' dir='ltr' id='par_1_6' title="bbox 300 1197 1199 1266">
     <span class='ocr_line' id='line_1_10' title="bbox 300 1197 1199 1266; baseline -0.002 -10"><span class='ocrx_word' id='word_1_53' title='bbox 300 1198 342 1256; x_wconf 89' lang='lat' dir='ltr'>Et</span> <span class='ocrx_word' id='word_1_54' title='bbox 364 1201 483 1265; x_wconf 80' lang='lat' dir='ltr'>virtutis</span> <span class='ocrx_word' id='word_1_55' title='bbox 506 1199 596 1256; x_wconf 89' lang='lat' dir='ltr'>ardor</span> <span class='ocrx_word' id='word_1_56' title='bbox 618 1206 735 1257; x_wconf 89' lang='lat' dir='ltr'>crescat</span> <span class='ocrx_word' id='word_1_57' title='bbox 841 1198 964 1254; x_wconf 89' lang='lat' dir='ltr'>Petrum</span> <span class='ocrx_word' id='word_1_58' title='bbox 987 1198 1076 1253; x_wconf 87' lang='lat' dir='ltr'>solvit</span> <span class='ocrx_word' id='word_1_59' title='bbox 1098 1197 1199 1266; x_wconf 90' lang='lat' dir='ltr'>libere,</span> 
     </span>
    </p>
   </div>
   <div class='ocr_carea' id='block_1_7' title="bbox 323 1283 643 1343">
    <p class='ocr_par' dir='ltr' id='par_1_7' title="bbox 323 1283 643 1343">
     <span class='ocr_line' id='line_1_11' title="bbox 323 1283 643 1343; baseline 0.009 -4"><span class='ocrx_word' id='word_1_60' title='bbox 323 1283 369 1339; x_wconf 85' lang='lat' dir='ltr'>Ex</span> <span class='ocrx_word' id='word_1_61' title='bbox 390 1284 472 1340; x_wconf 92' lang='lat' dir='ltr'>Petri</span> <span class='ocrx_word' id='word_1_62' title='bbox 494 1286 643 1343; x_wconf 86' lang='lat' dir='ltr'>memoria.</span> 
     </span>
    </p>
   </div>
   <div class='ocr_carea' id='block_1_8' title="bbox 864 1282 1176 1356">
    <p class='ocr_par' dir='ltr' id='par_1_8' title="bbox 864 1282 1176 1356">
     <span class='ocr_line' id='line_1_12' title="bbox 864 1282 1176 1356; baseline 0.01 -18"><span class='ocrx_word' id='word_1_63' title='bbox 864 1282 1045 1340; x_wconf 85' lang='lat' dir='ltr'>destinatum</span> <span class='ocrx_word' id='word_1_64' title='bbox 1068 1283 1176 1356; x_wconf 63' lang='lat' dir='ltr'>gladio·</span> 
     </span>
    </p>
   </div>
   <div class='ocr_carea' id='block_1_9' title="bbox 254 1399 1310 1556">
    <p class='ocr_par' dir='ltr' id='par_1_9' title="bbox 254 1399 1310 1556">
     <span class='ocr_line' id='line_1_13' title="bbox 254 1399 1310 1475; baseline 0 -18"><span class='ocrx_word' id='word_1_65' title='bbox 254 1399 286 1458; x_wconf 81' lang='grc'>2.</span> <span class='ocrx_word' id='word_1_66' title='bbox 304 1402 417 1459; x_wconf 87' lang='lat' dir='ltr'>Petrus</span> <span class='ocrx_word' id='word_1_67' title='bbox 440 1404 518 1460; x_wconf 90' lang='lat' dir='ltr'>sacri</span> <span class='ocrx_word' id='word_1_68' title='bbox 539 1404 587 1459; x_wconf 84' lang='lat' dir='ltr'>fax</span> <span class='ocrx_word' id='word_1_69' title='bbox 609 1404 727 1470; x_wconf 83' lang='lat' dir='ltr'>amoris,</span> <span class='ocrx_word' id='word_1_70' title='bbox 800 1403 827 1460; x_wconf 84' lang='lat'>9.</span> <span class='ocrx_word' id='word_1_71' title='bbox 844 1400 955 1459; x_wconf 89' lang='lat' dir='ltr'>Umbra</span> <span class='ocrx_word' id='word_1_72' title='bbox 968 1401 1109 1457; x_wconf 89' lang='lat' dir='ltr'>sanathic</span> <span class='ocrx_word' id='word_1_73' title='bbox 1124 1402 1310 1475; x_wconf 79' lang='lat' dir='ltr'>languentes,</span> 
     </span>
     <span class='ocr_line' id='line_1_14' title="bbox 300 1486 1309 1556; baseline -0.001 -13"><span class='ocrx_word' id='word_1_74' title='bbox 300 1487 369 1543; x_wconf 87' lang='lat' dir='ltr'>Lux</span> <span class='ocrx_word' id='word_1_75' title='bbox 389 1486 552 1556; x_wconf 88' lang='lat' dir='ltr'>doctrinae,</span> <span class='ocrx_word' id='word_1_76' title='bbox 576 1488 621 1544; x_wconf 87' lang='lat' dir='ltr'>sal</span> <span class='ocrx_word' id='word_1_77' title='bbox 637 1487 776 1556; x_wconf 83' lang='lat' dir='ltr'>dulcoris,</span> <span class='ocrx_word' id='word_1_78' title='bbox 844 1493 929 1544; x_wconf 88' lang='lat' dir='ltr'>sanat</span> <span class='ocrx_word' id='word_1_79' title='bbox 941 1486 1080 1553; x_wconf 87' lang='lat' dir='ltr'>membra,</span> <span class='ocrx_word' id='word_1_80' title='bbox 1091 1493 1177 1544; x_wconf 89' lang='lat' dir='ltr'>sanat</span> <span class='ocrx_word' id='word_1_81' title='bbox 1185 1493 1309 1552; x_wconf 86' lang='lat' dir='ltr'>mentes,</span> 
     </span>
    </p>
   </div>
   <div class='ocr_carea' id='block_1_10' title="bbox 324 1572 709 1637">
    <p class='ocr_par' dir='ltr' id='par_1_10' title="bbox 324 1572 709 1637">
     <span class='ocr_line' id='line_1_15' title="bbox 324 1572 709 1637; baseline 0 -9"><span class='ocrx_word' id='word_1_82' title='bbox 324 1572 435 1628; x_wconf 88' lang='lat' dir='ltr'>Petrus</span> <span class='ocrx_word' id='word_1_83' title='bbox 457 1589 542 1628; x_wconf 89' lang='lat' dir='ltr'>mons</span> <span class='ocrx_word' id='word_1_84' title='bbox 564 1574 709 1637; x_wconf 89' lang='lat' dir='ltr'>iustitiae;</span> 
     </span>
    </p>
   </div>
   <div class='ocr_carea' id='block_1_11' title="bbox 301 1656 775 1815">
    <p class='ocr_par' dir='ltr' id='par_1_11' title="bbox 301 1656 775 1815">
     <span class='ocr_line' id='line_1_16' title="bbox 302 1656 775 1725; baseline 0.002 -12"><span class='ocrx_word' id='word_1_85' title='bbox 302 1656 415 1713; x_wconf 86' lang='lat' dir='ltr'>Petrus</span> <span class='ocrx_word' id='word_1_86' title='bbox 437 1658 503 1713; x_wconf 83' lang='lat' dir='ltr'>sons</span> <span class='ocrx_word' id='word_1_87' title='bbox 534 1662 581 1713; x_wconf 86' lang='lat' dir='ltr'>est</span> <span class='ocrx_word' id='word_1_88' title='bbox 607 1657 775 1725; x_wconf 85' lang='lat' dir='ltr'>salvatoris,</span> 
     </span>
     <span class='ocr_line' id='line_1_17' title="bbox 301 1741 755 1815; baseline 0 -17"><span class='ocrx_word' id='word_1_89' title='bbox 301 1741 433 1815; x_wconf 86' lang='lat' dir='ltr'>Lignum</span> <span class='ocrx_word' id='word_1_90' title='bbox 454 1742 570 1797; x_wconf 82' lang='lat' dir='ltr'>fructus</span> <span class='ocrx_word' id='word_1_91' title='bbox 593 1747 624 1797; x_wconf 93' lang='lat' dir='ltr'>et</span> <span class='ocrx_word' id='word_1_92' title='bbox 646 1742 755 1809; x_wconf 92' lang='lat' dir='ltr'>odoris,</span> 
     </span>
    </p>
   </div>
   <div class='ocr_carea' id='block_1_12' title="bbox 324 1827 692 1900">
    <p class='ocr_par' dir='ltr' id='par_1_12' title="bbox 324 1827 692 1900">
     <span class='ocr_line' id='line_1_18' title="bbox 324 1827 692 1900; baseline 0 -19"><span class='ocrx_word' id='word_1_93' title='bbox 324 1827 454 1900; x_wconf 85' lang='lat' dir='ltr'>Lignum</span> <span class='ocrx_word' id='word_1_94' title='bbox 477 1841 582 1882; x_wconf 89' lang='lat' dir='ltr'>carens</span> <span class='ocrx_word' id='word_1_95' title='bbox 605 1829 692 1883; x_wconf 88' lang='lat' dir='ltr'>carie.</span> 
     </span>
    </p>
   </div>
   <div class='ocr_carea' id='block_1_13' title="bbox 254 1937 778 2105">
    <p class='ocr_par' dir='ltr' id='par_1_13' title="bbox 254 1937 778 2105">
     <span class='ocr_line' id='line_1_19' title="bbox 254 1937 777 2019; baseline 0 -18"><span class='ocrx_word' id='word_1_96' title='bbox 254 1937 286 1995; x_wconf 83' lang='grc'>3.</span> <span class='ocrx_word' id='word_1_97' title='bbox 307 1944 345 1999; x_wconf 89' lang='lat' dir='ltr'>Et</span> <span class='ocrx_word' id='word_1_98' title='bbox 363 1943 436 2017; x_wconf 91' lang='lat' dir='ltr'>quid</span> <span class='ocrx_word' id='word_1_99' title='bbox 443 1944 534 2001; x_wconf 88' lang='lat' dir='ltr'>Petro</span> <span class='ocrx_word' id='word_1_100' title='bbox 552 1944 777 2019; x_wconf 80' lang='lat' dir='ltr'>dicisdignum‘!</span> 
     </span>
     <span class='ocr_line' id='line_1_20' title="bbox 304 2028 778 2105; baseline 0 -21"><span class='ocrx_word' id='word_1_101' title='bbox 304 2029 428 2086; x_wconf 88' lang='lat' dir='ltr'>Nullum</span> <span class='ocrx_word' id='word_1_102' title='bbox 451 2028 561 2085; x_wconf 84' lang='lat' dir='ltr'>Christi</span> <span class='ocrx_word' id='word_1_103' title='bbox 583 2029 688 2087; x_wconf 83' lang='lat' dir='ltr'>videns</span> <span class='ocrx_word' id='word_1_104' title='bbox 718 2033 778 2105; x_wconf 86' lang='lat' dir='ltr'>sig-</span> 
     </span>
    </p>
   </div>
   <div class='ocr_carea' id='block_1_14' title="bbox 840 1570 1347 2069">
    <p class='ocr_par' dir='ltr' id='par_1_14' title="bbox 842 1570 1284 1729">
     <span class='ocr_line' id='line_1_21' title="bbox 842 1570 1284 1646; baseline 0 -19"><span class='ocrx_word' id='word_1_105' title='bbox 842 1573 964 1628; x_wconf 88' lang='lat' dir='ltr'>Morbos</span> <span class='ocrx_word' id='word_1_106' title='bbox 986 1570 1084 1628; x_wconf 86' lang='lat' dir='ltr'><strong>reddit</strong></span> <span class='ocrx_word' id='word_1_107' title='bbox 1106 1573 1284 1646; x_wconf 84' lang='lat' dir='ltr'>impotentes</span> 
     </span>
     <span class='ocr_line' id='line_1_22' title="bbox 862 1657 1136 1729; baseline 0.007 -17"><span class='ocrx_word' id='word_1_108' title='bbox 862 1657 973 1714; x_wconf 89' lang='lat' dir='ltr'>Medici</span> <span class='ocrx_word' id='word_1_109' title='bbox 994 1659 1136 1729; x_wconf 89' lang='lat' dir='ltr'>potentia.</span> 
     </span>
    </p>

    <p class='ocr_par' dir='ltr' id='par_1_15' title="bbox 840 1741 1347 1814">
     <span class='ocr_line' id='line_1_23' title="bbox 840 1741 1347 1814; baseline -0.004 -18"><span class='ocrx_word' id='word_1_110' title='bbox 840 1741 962 1800; x_wconf 89' lang='lat' dir='ltr'>Petrum</span> <span class='ocrx_word' id='word_1_111' title='bbox 986 1742 1086 1797; x_wconf 90' lang='lat' dir='ltr'>Simon</span> <span class='ocrx_word' id='word_1_112' title='bbox 1107 1757 1214 1814; x_wconf 86' lang='lat' dir='ltr'>magus</span> <span class='ocrx_word' id='word_1_113' title='bbox 1238 1741 1310 1808; x_wconf 87' lang='lat' dir='ltr'>odit,</span> <span class='ocrx_word' id='word_1_114' title='bbox 1344 1785 1347 1792; x_wconf 92' lang='lat'><em>.</em></span> 
     </span>
    </p>

    <p class='ocr_par' dir='ltr' id='par_1_16' title="bbox 840 1825 1308 1900">
     <span class='ocr_line' id='line_1_24' title="bbox 840 1825 1308 1900; baseline -0.002 -18"><span class='ocrx_word' id='word_1_115' title='bbox 840 1827 964 1900; x_wconf 88' lang='lat' dir='ltr'>Magum</span> <span class='ocrx_word' id='word_1_116' title='bbox 973 1826 1072 1882; x_wconf 87' lang='lat' dir='ltr'>Simon</span> <span class='ocrx_word' id='word_1_117' title='bbox 1082 1826 1189 1881; x_wconf 88' lang='lat' dir='ltr'>Petrus</span> <span class='ocrx_word' id='word_1_118' title='bbox 1199 1825 1308 1899; x_wconf 83' lang='lat' dir='ltr'>prodit,</span> 
     </span>
    </p>

    <p class='ocr_par' dir='ltr' id='par_1_17' title="bbox 841 1909 1281 2069">
     <span class='ocr_line' id='line_1_25' title="bbox 841 1909 1281 1967; baseline 0 -1"><span class='ocrx_word' id='word_1_119' title='bbox 841 1911 950 1967; x_wconf 87' lang='lat' dir='ltr'>Petrus</span> <span class='ocrx_word' id='word_1_120' title='bbox 973 1916 1074 1966; x_wconf 91' lang='lat' dir='ltr'>monet</span> <span class='ocrx_word' id='word_1_121' title='bbox 1097 1916 1127 1966; x_wconf 90' lang='lat' dir='ltr'>et</span> <span class='ocrx_word' id='word_1_122' title='bbox 1150 1909 1281 1967; x_wconf 84' lang='lat' dir='ltr'>custodit</span> 
     </span>
     <span class='ocr_line' id='line_1_26' title="bbox 864 1996 1152 2069; baseline 0.007 -19"><span class='ocrx_word' id='word_1_123' title='bbox 864 1996 890 2051; x_wconf 86' lang='grc' dir='ltr'><strong>Α</strong></span> <span class='ocrx_word' id='word_1_124' title='bbox 912 1996 992 2069; x_wconf 91' lang='lat' dir='ltr'>magi</span> <span class='ocrx_word' id='word_1_125' title='bbox 1014 1998 1152 2052; x_wconf 90' lang='lat' dir='ltr'>versutia.</span> 
     </span>
    </p>
   </div>
   <div class='ocr_carea' id='block_1_15' title="bbox 646 2130 1310 2204">
    <p class='ocr_par' dir='ltr' id='par_1_18' title="bbox 646 2130 1310 2204">
     <span class='ocr_line' id='line_1_27' title="bbox 646 2130 1310 2204; baseline 0.003 -19"><span class='ocrx_word' id='word_1_126' title='bbox 646 2132 726 2182; x_wconf 59' lang='lat' dir='ltr'>num,</span> <span class='ocrx_word' id='word_1_127' title='bbox 781 2132 828 2190; x_wconf 86' lang='lat'>10.</span> <span class='ocrx_word' id='word_1_128' title='bbox 845 2130 901 2187; x_wconf 90' lang='lat' dir='ltr'>Hie</span> <span class='ocrx_word' id='word_1_129' title='bbox 925 2148 942 2185; x_wconf 94' lang='lat' dir='ltr'>a</span> <span class='ocrx_word' id='word_1_130' title='bbox 968 2135 1055 2204; x_wconf 91' lang='lat' dir='ltr'>petra</span> <span class='ocrx_word' id='word_1_131' title='bbox 1071 2130 1189 2188; x_wconf 85' lang='lat' dir='ltr'>Christo</span> <span class='ocrx_word' id='word_1_132' title='bbox 1213 2131 1310 2188; x_wconf 91' lang='lat' dir='ltr'>dictus</span> 
     </span>
    </p>
   </div>
   <div class='ocr_carea' id='block_1_16' title="bbox 303 2197 733 2526">
    <p class='ocr_par' dir='ltr' id='par_1_19' title="bbox 303 2197 733 2441">
     <span class='ocr_line' id='line_1_28' title="bbox 324 2197 687 2255; baseline 0.006 -2"><span class='ocrx_word' id='word_1_133' title='bbox 324 2197 424 2254; x_wconf 90' lang='lat' dir='ltr'>Primo</span> <span class='ocrx_word' id='word_1_134' title='bbox 448 2197 503 2254; x_wconf 86' lang='lat' dir='ltr'>sub</span> <span class='ocrx_word' id='word_1_135' title='bbox 526 2200 687 2255; x_wconf 91' lang='lat' dir='ltr'>ammonitu</span> 
     </span>
     <span class='ocr_line' id='line_1_29' title="bbox 303 2284 713 2357; baseline 0 -19"><span class='ocrx_word' id='word_1_136' title='bbox 303 2284 394 2357; x_wconf 81' lang='lat' dir='ltr'>Fugit</span> <span class='ocrx_word' id='word_1_137' title='bbox 414 2288 488 2351; x_wconf 85' lang='lat' dir='ltr'>rete,</span> <span class='ocrx_word' id='word_1_138' title='bbox 511 2284 588 2357; x_wconf 85' lang='lat' dir='ltr'>fugit</span> <span class='ocrx_word' id='word_1_139' title='bbox 609 2289 713 2351; x_wconf 88' lang='lat' dir='ltr'>ratem,</span> 
     </span>
     <span class='ocr_line' id='line_1_30' title="bbox 304 2366 733 2441; baseline 0 -17"><span class='ocrx_word' id='word_1_140' title='bbox 304 2366 442 2425; x_wconf 87' lang='lat' dir='ltr'>Necdum</span> <span class='ocrx_word' id='word_1_141' title='bbox 463 2368 551 2441; x_wconf 92' lang='lat' dir='ltr'>plene</span> <span class='ocrx_word' id='word_1_142' title='bbox 576 2370 733 2424; x_wconf 84' lang='lat' dir='ltr'>veritatem</span> 
     </span>
    </p>

    <p class='ocr_par' dir='ltr' id='par_1_20' title="bbox 327 2453 689 2526">
     <span class='ocr_line' id='line_1_31' title="bbox 327 2453 689 2526; baseline 0.003 -17"><span class='ocrx_word' id='word_1_143' title='bbox 327 2453 554 2526; x_wconf 84' lang='lat' dir='ltr'>Contemplatur</span> <span class='ocrx_word' id='word_1_144' title='bbox 577 2454 689 2525; x_wconf 89' lang='lat' dir='ltr'>spiritu.</span> 
     </span>
    </p>
   </div>
   <div class='ocr_carea' id='block_1_17' title="bbox 254 2563 719 2725">
    <p class='ocr_par' dir='ltr' id='par_1_21' title="bbox 254 2563 719 2725">
     <span class='ocr_line' id='line_1_32' title="bbox 254 2563 719 2645; baseline -0.002 -18"><span class='ocrx_word' id='word_1_145' title='bbox 254 2563 287 2622; x_wconf 78' lang='lat'>4.</span> <span class='ocrx_word' id='word_1_146' title='bbox 306 2570 390 2627; x_wconf 81' lang='lat' dir='ltr'>Auro</span> <span class='ocrx_word' id='word_1_147' title='bbox 414 2587 518 2627; x_wconf 86' lang='lat' dir='ltr'>carens</span> <span class='ocrx_word' id='word_1_148' title='bbox 542 2577 572 2628; x_wconf 92' lang='lat' dir='ltr'>et</span> <span class='ocrx_word' id='word_1_149' title='bbox 595 2577 719 2645; x_wconf 89' lang='lat' dir='ltr'>argento</span> 
     </span>
     <span class='ocr_line' id='line_1_33' title="bbox 326 2656 655 2725; baseline -0.003 -13"><span class='ocrx_word' id='word_1_150' title='bbox 326 2656 473 2712; x_wconf 83' lang='lat' dir='ltr'>Cornacat</span> <span class='ocrx_word' id='word_1_151' title='bbox 496 2657 655 2725; x_wconf 82' lang='lat' dir='ltr'>miraculis,</span> 
     </span>
    </p>
   </div>
   <div class='ocr_carea' id='block_1_18' title="bbox 303 2741 1054 2916">
    <p class='ocr_par' dir='ltr' id='par_1_22' title="bbox 303 2741 1054 2916">
     <span class='ocr_line' id='line_1_34' title="bbox 303 2741 775 2798; baseline 0 -2"><span class='ocrx_word' id='word_1_152' title='bbox 303 2741 332 2796; x_wconf 85' lang='lat' dir='ltr'><strong>A</strong></span> <span class='ocrx_word' id='word_1_153' title='bbox 355 2756 514 2796; x_wconf 88' lang='lat' dir='ltr'>nervorum</span> <span class='ocrx_word' id='word_1_154' title='bbox 544 2741 598 2796; x_wconf 93' lang='lat' dir='ltr'>sub</span> <span class='ocrx_word' id='word_1_155' title='bbox 627 2747 775 2798; x_wconf 89' lang='lat' dir='ltr'>momento</span> 
     </span>
     <span class='ocr_line' id='line_1_35' title="bbox 326 2824 1054 2916; baseline -0.003 -35"><span class='ocrx_word' id='word_1_156' title='bbox 326 2824 473 2881; x_wconf 82' lang='lat' dir='ltr'>Claudum</span> <span class='ocrx_word' id='word_1_157' title='bbox 496 2826 585 2897; x_wconf 76' lang='lat' dir='ltr'>solvit</span> <span class='ocrx_word' id='word_1_158' title='bbox 605 2827 739 2883; x_wconf 86' lang='lat' dir='ltr'>vinculis.</span> <span class='ocrx_word' id='word_1_159' title='bbox 779 2861 825 2916; x_wconf 33' lang='grc' dir='ltr'>Η.</span> <span class='ocrx_word' id='word_1_160' title='bbox 843 2860 922 2915; x_wconf 61' lang='lat' dir='ltr'><strong>Nero</strong></span> <span class='ocrx_word' id='word_1_161' title='bbox 945 2860 1054 2916; x_wconf 52' lang='lat' dir='ltr'><strong>frendit</strong></span> 
     </span>
    </p>
   </div>
   <div class='ocr_carea' id='block_1_19' title="bbox 254 2933 624 3101">
    <p class='ocr_par' dir='ltr' id='par_1_23' title="bbox 254 2933 624 3101">
     <span class='ocr_line' id='line_1_36' title="bbox 254 2933 624 3015; baseline 0.016 -22"><span class='ocrx_word' id='word_1_162' title='bbox 254 2933 287 2999; x_wconf 82' lang='lat'>5.</span> <span class='ocrx_word' id='word_1_163' title='bbox 304 2942 444 3015; x_wconf 86' lang='lat' dir='ltr'>Paralysi</span> <span class='ocrx_word' id='word_1_164' title='bbox 460 2942 624 2999; x_wconf 88' lang='lat' dir='ltr'>dissolutus</span> 
     </span>
     <span class='ocr_line' id='line_1_37' title="bbox 324 3028 602 3101; baseline 0.004 -19"><span class='ocrx_word' id='word_1_165' title='bbox 324 3028 446 3083; x_wconf 81' lang='lat' dir='ltr'>Aeneas</span> <span class='ocrx_word' id='word_1_166' title='bbox 470 3029 602 3101; x_wconf 88' lang='lat' dir='ltr'>erigitur,</span> 
     </span>
    </p>
   </div>
   <div class='ocr_carea' id='block_1_20' title="bbox 278 3111 776 3186">
    <p class='ocr_par' dir='ltr' id='par_1_24' title="bbox 278 3111 776 3186">
     <span class='ocr_line' id='line_1_38' title="bbox 278 3111 776 3186; baseline 0.002 -18"><span class='ocrx_word' id='word_1_167' title='bbox 278 3157 281 3162; x_wconf 92' lang='lat'>.</span> <span class='ocrx_word' id='word_1_168' title='bbox 302 3111 427 3168; x_wconf 85' lang='lat' dir='ltr'>Petrum</span> <span class='ocrx_word' id='word_1_169' title='bbox 448 3128 593 3186; x_wconf 87' lang='lat' dir='ltr'>praesens</span> <span class='ocrx_word' id='word_1_170' title='bbox 616 3112 664 3168; x_wconf 92' lang='lat' dir='ltr'>dei</span> <span class='ocrx_word' id='word_1_171' title='bbox 686 3119 776 3169; x_wconf 91' lang='lat' dir='ltr'>nutus</span> 
     </span>
    </p>
   </div>
   <div class='ocr_carea' id='block_1_21' title="bbox 325 3196 720 3271">
    <p class='ocr_par' dir='ltr' id='par_1_25' title="bbox 325 3196 720 3271">
     <span class='ocr_line' id='line_1_39' title="bbox 325 3196 720 3271; baseline 0 -18"><span class='ocrx_word' id='word_1_172' title='bbox 325 3196 373 3253; x_wconf 85' lang='lat' dir='ltr'>Ad</span> <span class='ocrx_word' id='word_1_173' title='bbox 395 3202 498 3253; x_wconf 84' lang='lat' dir='ltr'>votum</span> <span class='ocrx_word' id='word_1_174' title='bbox 519 3199 720 3271; x_wconf 86' lang='lat' dir='ltr'>prosequitur.</span> 
     </span>
    </p>
   </div>
   <div class='ocr_carea' id='block_1_22' title="bbox 839 2215 1369 2784">
    <p class='ocr_par' dir='ltr' id='par_1_26' title="bbox 839 2215 1369 2784">
     <span class='ocr_line' id='line_1_40' title="bbox 839 2215 1283 2284; baseline 0.005 -13"><span class='ocrx_word' id='word_1_175' title='bbox 839 2216 873 2271; x_wconf 93' lang='lat' dir='ltr'>In</span> <span class='ocrx_word' id='word_1_176' title='bbox 897 2215 1035 2271; x_wconf 88' lang='lat' dir='ltr'>conflictu</span> <span class='ocrx_word' id='word_1_177' title='bbox 1059 2220 1118 2271; x_wconf 89' lang='lat' dir='ltr'>stat</span> <span class='ocrx_word' id='word_1_178' title='bbox 1145 2216 1283 2284; x_wconf 84' lang='lat' dir='ltr'>invictus,</span> 
     </span>
     <span class='ocr_line' id='line_1_41' title="bbox 839 2302 1264 2375; baseline 0 -18"><span class='ocrx_word' id='word_1_179' title='bbox 839 2302 925 2357; x_wconf 88' lang='lat' dir='ltr'>Licet</span> <span class='ocrx_word' id='word_1_180' title='bbox 947 2302 1024 2375; x_wconf 87' lang='lat' dir='ltr'>iugis</span> <span class='ocrx_word' id='word_1_181' title='bbox 1049 2303 1086 2357; x_wconf 88' lang='lat' dir='ltr'>sit</span> <span class='ocrx_word' id='word_1_182' title='bbox 1110 2302 1264 2358; x_wconf 87' lang='lat' dir='ltr'>conflictus</span> 
     </span>
     <span class='ocr_line' id='line_1_42' title="bbox 862 2387 1226 2460; baseline 0.008 -19"><span class='ocrx_word' id='word_1_183' title='bbox 862 2387 898 2443; x_wconf 86' lang='lat' dir='ltr'>Et</span> <span class='ocrx_word' id='word_1_184' title='bbox 921 2388 1021 2460; x_wconf 86' lang='lat' dir='ltr'>gravis</span> <span class='ocrx_word' id='word_1_185' title='bbox 1045 2388 1226 2460; x_wconf 87' lang='lat' dir='ltr'>congressio.</span> 
     </span>
     <span class='ocr_line' id='line_1_43' title="bbox 841 2470 1310 2545; baseline 0.002 -19"><span class='ocrx_word' id='word_1_186' title='bbox 841 2470 915 2526; x_wconf 89' lang='lat' dir='ltr'>Cum</span> <span class='ocrx_word' id='word_1_187' title='bbox 937 2471 1040 2527; x_wconf 84' lang='lat' dir='ltr'>volare</span> <span class='ocrx_word' id='word_1_188' title='bbox 1063 2488 1168 2545; x_wconf 87' lang='lat' dir='ltr'>magus</span> <span class='ocrx_word' id='word_1_189' title='bbox 1185 2473 1310 2545; x_wconf 84' lang='lat' dir='ltr'>quaerit,</span> 
     </span>
     <span class='ocr_line' id='line_1_44' title="bbox 841 2555 1261 2629; baseline 0.007 -19"><span class='ocrx_word' id='word_1_190' title='bbox 841 2555 936 2611; x_wconf 89' lang='lat' dir='ltr'>Totus</span> <span class='ocrx_word' id='word_1_191' title='bbox 959 2572 1048 2610; x_wconf 91' lang='lat' dir='ltr'>ruens</span> <span class='ocrx_word' id='word_1_192' title='bbox 1071 2561 1152 2611; x_wconf 90' lang='lat' dir='ltr'>totus</span> <span class='ocrx_word' id='word_1_193' title='bbox 1174 2559 1261 2629; x_wconf 85' lang='lat' dir='ltr'>perit,</span> 
     </span>
     <span class='ocr_line' id='line_1_45' title="bbox 841 2633 1369 2713; baseline 0.006 -18"><span class='ocrx_word' id='word_1_194' title='bbox 841 2640 936 2708; x_wconf 83' lang='lat' dir='ltr'>Quem</span> <span class='ocrx_word' id='word_1_195' title='bbox 959 2640 1057 2697; x_wconf 86' lang='lat' dir='ltr'>divina</span> <span class='ocrx_word' id='word_1_196' title='bbox 1080 2639 1168 2713; x_wconf 88' lang='lat' dir='ltr'>digne</span> <span class='ocrx_word' id='word_1_197' title='bbox 1191 2642 1258 2698; x_wconf 80' lang='lat' dir='ltr'>serit</span> <span class='ocrx_word' id='word_1_198' title='bbox 1367 2633 1369 2637; x_wconf 38' lang='lat'><strong><em>¹</em></strong></span> 
     </span>
     <span class='ocr_line' id='line_1_46' title="bbox 863 2724 1204 2784; baseline 0.012 -5"><span class='ocrx_word' id='word_1_199' title='bbox 863 2726 901 2780; x_wconf 87' lang='lat' dir='ltr'>Et</span> <span class='ocrx_word' id='word_1_200' title='bbox 924 2724 1102 2784; x_wconf 86' lang='lat' dir='ltr'>condemnat</span> <span class='ocrx_word' id='word_1_201' title='bbox 1125 2725 1204 2783; x_wconf 90' lang='lat' dir='ltr'>ultio.</span> 
     </span>
    </p>
   </div>
   <div class='ocr_carea' id='block_1_23' title="bbox 840 2860 1310 3186">
    <p class='ocr_par' dir='ltr' id='par_1_27' title="bbox 863 2860 1298 3017">
     <span class='ocr_line' id='line_1_47' title="bbox 1076 2860 1298 2928; baseline 0.009 -13"><span class='ocrx_word' id='word_1_202' title='bbox 1076 2860 1261 2928; x_wconf 85' lang='lat' dir='ltr'>furibundus,</span> <span class='ocrx_word' id='word_1_203' title='bbox 1292 2920 1298 2927; x_wconf 63' lang='grc'><strong>,</strong></span> 
     </span>
     <span class='ocr_line' id='line_1_48' title="bbox 863 2944 1233 3017; baseline 0.003 -19"><span class='ocrx_word' id='word_1_204' title='bbox 863 2945 942 3000; x_wconf 92' lang='lat' dir='ltr'>Nero</span> <span class='ocrx_word' id='word_1_205' title='bbox 965 2944 1081 3017; x_wconf 83' lang='lat' dir='ltr'>plangit</span> <span class='ocrx_word' id='word_1_206' title='bbox 1102 2947 1233 3017; x_wconf 89' lang='lat' dir='ltr'>impium,</span> 
     </span>
    </p>

    <p class='ocr_par' dir='ltr' id='par_1_28' title="bbox 840 3029 1310 3186">
     <span class='ocr_line' id='line_1_49' title="bbox 840 3029 1310 3102; baseline 0 -18"><span class='ocrx_word' id='word_1_207' title='bbox 840 3030 934 3096; x_wconf 87' lang='lat' dir='ltr'>Nero,</span> <span class='ocrx_word' id='word_1_208' title='bbox 959 3030 1042 3084; x_wconf 90' lang='lat' dir='ltr'>cuius</span> <span class='ocrx_word' id='word_1_209' title='bbox 1066 3045 1156 3102; x_wconf 88' lang='lat' dir='ltr'>aegre</span> <span class='ocrx_word' id='word_1_210' title='bbox 1183 3029 1310 3085; x_wconf 90' lang='lat' dir='ltr'>mundus</span> 
     </span>
     <span class='ocr_line' id='line_1_50' title="bbox 863 3113 1174 3186; baseline 0.01 -18"><span class='ocrx_word' id='word_1_211' title='bbox 863 3113 990 3169; x_wconf 81' lang='lat' dir='ltr'>Ferebat</span> <span class='ocrx_word' id='word_1_212' title='bbox 1012 3115 1174 3186; x_wconf 88' lang='lat' dir='ltr'>imperium.</span> 
     </span>
    </p>
   </div>
   <div class='ocr_carea' id='block_1_24' title="bbox 780 3249 1272 3323">
    <p class='ocr_par' dir='ltr' id='par_1_29' title="bbox 780 3249 1272 3323">
     <span class='ocr_line' id='line_1_51' title="bbox 780 3249 1272 3323; baseline 0.002 -19"><span class='ocrx_word' id='word_1_213' title='bbox 780 3249 826 3305; x_wconf 78' lang='lat'>12.</span> <span class='ocrx_word' id='word_1_214' title='bbox 840 3250 919 3323; x_wconf 89' lang='lat' dir='ltr'>Ergo</span> <span class='ocrx_word' id='word_1_215' title='bbox 942 3249 1032 3305; x_wconf 91' lang='lat' dir='ltr'>Petro</span> <span class='ocrx_word' id='word_1_216' title='bbox 1056 3268 1127 3305; x_wconf 83' lang='lat' dir='ltr'>crux</span> <span class='ocrx_word' id='word_1_217' title='bbox 1148 3254 1272 3322; x_wconf 88' lang='lat' dir='ltr'>paratur</span> 
     </span>
    </p>
   </div>
   <div class='ocr_carea' id='block_1_25' title="bbox 254 3310 1231 3402">
    <p class='ocr_par' dir='ltr' id='par_1_30' title="bbox 254 3310 1231 3402">
     <span class='ocr_line' id='line_1_52' title="bbox 254 3310 1231 3402; baseline 0.014 -33"><span class='ocrx_word' id='word_1_218' title='bbox 254 3310 289 3370; x_wconf 78' lang='lat'>6.</span> <span class='ocrx_word' id='word_1_219' title='bbox 305 3314 415 3371; x_wconf 90' lang='lat' dir='ltr'>Petrus</span> <span class='ocrx_word' id='word_1_220' title='bbox 438 3316 529 3371; x_wconf 87' lang='lat' dir='ltr'>vitam</span> <span class='ocrx_word' id='word_1_221' title='bbox 556 3314 608 3371; x_wconf 91' lang='lat' dir='ltr'>dat</span> <span class='ocrx_word' id='word_1_222' title='bbox 630 3316 774 3372; x_wconf 87' lang='lat' dir='ltr'>Tabithae</span> <span class='ocrx_word' id='word_1_223' title='bbox 863 3334 890 3389; x_wconf 74' lang='grc' dir='ltr'><strong>Α</strong></span> <span class='ocrx_word' id='word_1_224' title='bbox 912 3328 1052 3390; x_wconf 69' lang='lat' dir='ltr'>ministris</span> <span class='ocrx_word' id='word_1_225' title='bbox 1077 3336 1231 3402; x_wconf 71' lang='lat' dir='ltr'>scelerum,</span> 
     </span>
    </p>
   </div>
   <div class='ocr_carea' id='block_1_26' title="bbox 302 3399 727 3558">
    <p class='ocr_par' dir='ltr' id='par_1_31' title="bbox 302 3399 727 3558">
     <span class='ocr_line' id='line_1_53' title="bbox 302 3399 727 3473; baseline -0.002 -16"><span class='ocrx_word' id='word_1_226' title='bbox 302 3401 508 3473; x_wconf 85' lang='lat' dir='ltr'>Iuvenemque</span> <span class='ocrx_word' id='word_1_227' title='bbox 528 3399 627 3456; x_wconf 88' lang='lat' dir='ltr'>reddit</span> <span class='ocrx_word' id='word_1_228' title='bbox 648 3403 727 3457; x_wconf 89' lang='lat' dir='ltr'>vitae</span> 
     </span>
     <span class='ocr_line' id='line_1_54' title="bbox 315 3483 644 3558; baseline 0.006 -19"><span class='ocrx_word' id='word_1_229' title='bbox 315 3483 482 3558; x_wconf 21' lang='lat' dir='ltr'>*Potestatc</span> <span class='ocrx_word' id='word_1_230' title='bbox 504 3485 606 3541; x_wconf 87' lang='lat' dir='ltr'>libera.</span> <span class='ocrx_word' id='word_1_231' title='bbox 642 3499 644 3503; x_wconf 82' lang='lat'>·</span> 
     </span>
    </p>
   </div>
   <div class='ocr_carea' id='block_1_27' title="bbox 302 3568 775 3641">
    <p class='ocr_par' dir='ltr' id='par_1_32' title="bbox 302 3568 775 3641">
     <span class='ocr_line' id='line_1_55' title="bbox 302 3568 775 3641; baseline 0.004 -17"><span class='ocrx_word' id='word_1_232' title='bbox 302 3568 386 3625; x_wconf 89' lang='lat' dir='ltr'>Pede</span> <span class='ocrx_word' id='word_1_233' title='bbox 412 3571 521 3641; x_wconf 88' lang='lat' dir='ltr'>premit</span> <span class='ocrx_word' id='word_1_234' title='bbox 549 3571 656 3626; x_wconf 88' lang='lat' dir='ltr'>fluctus</span> <span class='ocrx_word' id='word_1_235' title='bbox 686 3572 775 3626; x_wconf 88' lang='lat' dir='ltr'>maris</span> 
     </span>
    </p>
   </div>
   <div class='ocr_carea' id='block_1_28' title="bbox 845 3419 1275 3572">
    <p class='ocr_par' dir='ltr' id='par_1_33' title="bbox 845 3419 1275 3572">
     <span class='ocr_line' id='line_1_56' title="bbox 845 3419 1193 3493; baseline 0.006 -19"><span class='ocrx_word' id='word_1_236' title='bbox 845 3419 985 3493; x_wconf 82' lang='lat' dir='ltr'>Crucifigi</span> <span class='ocrx_word' id='word_1_237' title='bbox 1008 3437 1041 3475; x_wconf 92' lang='lat' dir='ltr'>se</span> <span class='ocrx_word' id='word_1_238' title='bbox 1063 3424 1193 3476; x_wconf 84' lang='lat' dir='ltr'>testatur</span> 
     </span>
     <span class='ocr_line' id='line_1_57' title="bbox 864 3504 1275 3572; baseline 0.002 -13"><span class='ocrx_word' id='word_1_239' title='bbox 864 3504 898 3559; x_wconf 93' lang='lat' dir='ltr'>In</span> <span class='ocrx_word' id='word_1_240' title='bbox 919 3506 977 3559; x_wconf 91' lang='lat' dir='ltr'>hac</span> <span class='ocrx_word' id='word_1_241' title='bbox 1001 3504 1136 3561; x_wconf 85' lang='lat' dir='ltr'>Christus</span> <span class='ocrx_word' id='word_1_242' title='bbox 1159 3508 1275 3572; x_wconf 86' lang='lat' dir='ltr'>iterum,</span> 
     </span>
    </p>
   </div>
   <div class='ocr_carea' id='block_1_29' title="bbox 302 3639 1275 3711">
    <p class='ocr_par' dir='ltr' id='par_1_34' title="bbox 302 3639 1275 3711">
     <span class='ocr_line' id='line_1_58' title="bbox 302 3639 1275 3711; baseline -0.006 -8"><span class='ocrx_word' id='word_1_243' title='bbox 302 3654 342 3710; x_wconf 83' lang='lat' dir='ltr'>Et</span> <span class='ocrx_word' id='word_1_244' title='bbox 364 3658 519 3709; x_wconf 75' lang='lat' dir='ltr'>nutantem</span> <span class='ocrx_word' id='word_1_245' title='bbox 543 3655 682 3711; x_wconf 55' lang='lat' dir='ltr'>salutaris</span> <span class='ocrx_word' id='word_1_246' title='bbox 781 3640 827 3696; x_wconf 85' lang='lat'>13.</span> <span class='ocrx_word' id='word_1_247' title='bbox 842 3639 933 3695; x_wconf 92' lang='lat' dir='ltr'>Petro</span> <span class='ocrx_word' id='word_1_248' title='bbox 957 3645 1026 3696; x_wconf 90' lang='lat' dir='ltr'>sunt</span> <span class='ocrx_word' id='word_1_249' title='bbox 1049 3659 1120 3697; x_wconf 88' lang='lat' dir='ltr'>oves</span> <span class='ocrx_word' id='word_1_250' title='bbox 1144 3641 1275 3698; x_wconf 88' lang='lat' dir='ltr'>creditae</span> 
     </span>
    </p>
   </div>
   <div class='ocr_carea' id='block_1_30' title="bbox 324 3737 701 3813">
    <p class='ocr_par' dir='ltr' id='par_1_35' title="bbox 324 3737 701 3813">
     <span class='ocr_line' id='line_1_59' title="bbox 324 3737 701 3813; baseline 0.003 -19"><span class='ocrx_word' id='word_1_251' title='bbox 324 3737 448 3794; x_wconf 88' lang='lat' dir='ltr'>Petrum</span> <span class='ocrx_word' id='word_1_252' title='bbox 470 3741 549 3813; x_wconf 91' lang='lat' dir='ltr'>regit</span> <span class='ocrx_word' id='word_1_253' title='bbox 571 3738 701 3795; x_wconf 83' lang='lat' dir='ltr'>dextera.</span> 
     </span>
    </p>
   </div>
   <div class='ocr_carea' id='block_1_31' title="bbox 254 3847 1224 4271">
    <p class='ocr_par' dir='ltr' id='par_1_36' title="bbox 254 3847 1224 4271">
     <span class='ocr_line' id='line_1_60' title="bbox 254 3847 729 3931; baseline 0.015 -24"><span class='ocrx_word' id='word_1_254' title='bbox 254 3847 290 3913; x_wconf 90' lang='grc'>7.</span> <span class='ocrx_word' id='word_1_255' title='bbox 304 3858 397 3912; x_wconf 89' lang='lat' dir='ltr'>Facta</span> <span class='ocrx_word' id='word_1_256' title='bbox 420 3857 531 3913; x_wconf 88' lang='lat' dir='ltr'>Christi</span> <span class='ocrx_word' id='word_1_257' title='bbox 554 3859 729 3931; x_wconf 89' lang='lat' dir='ltr'>quaestione</span> 
     </span>
     <span class='ocr_line' id='line_1_61' title="bbox 302 3940 763 3999; baseline 0.002 -2"><span class='ocrx_word' id='word_1_258' title='bbox 302 3942 391 3999; x_wconf 89' lang='lat' dir='ltr'>Brevi</span> <span class='ocrx_word' id='word_1_259' title='bbox 415 3940 527 3998; x_wconf 89' lang='lat' dir='ltr'>claudit</span> <span class='ocrx_word' id='word_1_260' title='bbox 549 3942 597 3998; x_wconf 90' lang='lat' dir='ltr'>hic</span> <span class='ocrx_word' id='word_1_261' title='bbox 626 3960 763 3999; x_wconf 90' lang='lat' dir='ltr'>sermone</span> 
     </span>
     <span class='ocr_line' id='line_1_62' title="bbox 324 4026 664 4094; baseline 0.003 -13"><span class='ocrx_word' id='word_1_262' title='bbox 324 4026 427 4083; x_wconf 81' lang='lat' dir='ltr'>Fidem</span> <span class='ocrx_word' id='word_1_263' title='bbox 450 4028 664 4094; x_wconf 82' lang='lat' dir='ltr'>necessariam3</span> 
     </span>
     <span class='ocr_line' id='line_1_63' title="bbox 303 4111 1196 4187; baseline 0.002 -20"><span class='ocrx_word' id='word_1_264' title='bbox 303 4111 389 4167; x_wconf 86' lang='lat' dir='ltr'>Hunc</span> <span class='ocrx_word' id='word_1_265' title='bbox 413 4128 573 4183; x_wconf 90' lang='lat' dir='ltr'>personam</span> <span class='ocrx_word' id='word_1_266' title='bbox 589 4111 660 4168; x_wconf 91' lang='lat' dir='ltr'>dicit</span> <span class='ocrx_word' id='word_1_267' title='bbox 675 4130 772 4178; x_wconf 87' lang='lat' dir='ltr'>unam,</span> <span class='ocrx_word' id='word_1_268' title='bbox 860 4113 905 4169; x_wconf 84' lang='lat' dir='ltr'>Ac</span> <span class='ocrx_word' id='word_1_269' title='bbox 927 4132 1017 4187; x_wconf 90' lang='lat' dir='ltr'>prece</span> <span class='ocrx_word' id='word_1_270' title='bbox 1042 4114 1196 4170; x_wconf 88' lang='lat' dir='ltr'>salutifera</span> 
     </span>
     <span class='ocr_line' id='line_1_64' title="bbox 305 4193 1224 4271; baseline 0 -18"><span class='ocrx_word' id='word_1_271' title='bbox 305 4193 365 4253; x_wconf 89' lang='lat' dir='ltr'>Sed</span> <span class='ocrx_word' id='word_1_272' title='bbox 386 4214 447 4251; x_wconf 92' lang='lat' dir='ltr'>non</span> <span class='ocrx_word' id='word_1_273' title='bbox 470 4200 552 4252; x_wconf 86' lang='lat' dir='ltr'>tacet</span> <span class='ocrx_word' id='word_1_274' title='bbox 578 4201 776 4268; x_wconf 90' lang='lat' dir='ltr'>opportunam</span> <span class='ocrx_word' id='word_1_275' title='bbox 841 4198 903 4253; x_wconf 88' lang='lat' dir='ltr'>Nos</span> <span class='ocrx_word' id='word_1_276' title='bbox 927 4216 944 4253; x_wconf 91' lang='lat' dir='ltr'>a</span> <span class='ocrx_word' id='word_1_277' title='bbox 966 4202 1084 4271; x_wconf 90' lang='lat' dir='ltr'>peccati</span> <span class='ocrx_word' id='word_1_278' title='bbox 1107 4197 1224 4264; x_wconf 89' lang='lat' dir='ltr'>debitis,</span> 
     </span>
    </p>
   </div>
   <div class='ocr_carea' id='block_1_32' title="bbox 325 4279 661 4368">
    <p class='ocr_par' dir='ltr' id='par_1_37' title="bbox 325 4279 661 4368">
     <span class='ocr_line' id='line_1_65' title="bbox 325 4279 661 4368; baseline 0.009 -34"><span class='ocrx_word' id='word_1_279' title='bbox 325 4281 457 4335; x_wconf 87' lang='lat' dir='ltr'>Naturae</span> <span class='ocrx_word' id='word_1_280' title='bbox 481 4279 661 4368; x_wconf 87' lang='lat' dir='ltr'>distantiam.</span> 
     </span>
    </p>
   </div>
   <div class='ocr_carea' id='block_1_33' title="bbox 841 3724 1310 3977">
    <p class='ocr_par' dir='ltr' id='par_1_38' title="bbox 841 3724 1310 3977">
     <span class='ocr_line' id='line_1_66' title="bbox 841 3724 1275 3799; baseline 0.009 -20"><span class='ocrx_word' id='word_1_281' title='bbox 841 3724 1009 3797; x_wconf 78' lang='lat' dir='ltr'>Claresque</span> <span class='ocrx_word' id='word_1_282' title='bbox 1031 3728 1116 3799; x_wconf 88' lang='lat' dir='ltr'>regni</span> <span class='ocrx_word' id='word_1_283' title='bbox 1139 3726 1275 3794; x_wconf 87' lang='lat' dir='ltr'>traditae,</span> 
     </span>
     <span class='ocr_line' id='line_1_67' title="bbox 862 3809 1235 3883; baseline 0.011 -20"><span class='ocrx_word' id='word_1_284' title='bbox 862 3809 944 3864; x_wconf 92' lang='lat' dir='ltr'>Petri</span> <span class='ocrx_word' id='word_1_285' title='bbox 966 3812 1063 3883; x_wconf 88' lang='lat' dir='ltr'>praeit</span> <span class='ocrx_word' id='word_1_286' title='bbox 1086 3814 1235 3867; x_wconf 89' lang='lat' dir='ltr'>sententia</span> 
     </span>
     <span class='ocr_line' id='line_1_68' title="bbox 862 3893 1310 3977; baseline 0.009 -29"><span class='ocrx_word' id='word_1_287' title='bbox 862 3893 975 3967; x_wconf 86' lang='lat' dir='ltr'>Ligans</span> <span class='ocrx_word' id='word_1_288' title='bbox 997 3900 1029 3977; x_wconf 83' lang='lat' dir='ltr'>et</span> <span class='ocrx_word' id='word_1_289' title='bbox 1059 3897 1178 3951; x_wconf 84' lang='lat' dir='ltr'>solvens</span> <span class='ocrx_word' id='word_1_290' title='bbox 1207 3897 1310 3953; x_wconf 85' lang='lat' dir='ltr'>omnia</span> 
     </span>
    </p>
   </div>
   <div class='ocr_carea' id='block_1_34' title="bbox 780 4027 1226 4086">
    <p class='ocr_par' dir='ltr' id='par_1_39' title="bbox 780 4027 1226 4086">
     <span class='ocr_line' id='line_1_69' title="bbox 780 4027 1226 4086; baseline 0.004 -3"><span class='ocrx_word' id='word_1_291' title='bbox 780 4029 825 4085; x_wconf 78' lang='lat'>14.</span> <span class='ocrx_word' id='word_1_292' title='bbox 842 4027 976 4086; x_wconf 88' lang='lat' dir='ltr'>Pastoris</span> <span class='ocrx_word' id='word_1_293' title='bbox 999 4032 1092 4086; x_wconf 88' lang='lat' dir='ltr'>nostri</span> <span class='ocrx_word' id='word_1_294' title='bbox 1115 4032 1226 4086; x_wconf 90' lang='lat' dir='ltr'>meritis</span> 
     </span>
    </p>
   </div>
   <div class='ocr_carea' id='block_1_35' title="bbox 861 4281 1254 4357">
    <p class='ocr_par' dir='ltr' id='par_1_40' title="bbox 861 4281 1254 4357">
     <span class='ocr_line' id='line_1_70' title="bbox 861 4281 1254 4357; baseline 0 -20"><span class='ocrx_word' id='word_1_295' title='bbox 861 4281 994 4339; x_wconf 84' lang='lat' dir='ltr'>Aeterne</span> <span class='ocrx_word' id='word_1_296' title='bbox 1015 4289 1128 4357; x_wconf 87' lang='lat' dir='ltr'>pastor,</span> <span class='ocrx_word' id='word_1_297' title='bbox 1152 4282 1254 4339; x_wconf 86' lang='lat' dir='ltr'>libera.</span> 
     </span>
    </p>
   </div>
   <div class='ocr_carea' id='block_1_36' title="bbox 0 0 1626 5134">
    <p class='ocr_par' dir='ltr' id='par_1_41' title="bbox 0 0 1626 5134">
     <span class='ocr_line' id='line_1_71' title="bbox 0 0 1626 5134; baseline 0 0"><span class='ocrx_word' id='word_1_298' title='bbox 0 0 1626 5134; x_wconf 95' lang='lat' dir='ltr'> </span> 
     </span>
    </p>
   </div>
  </div>
 </body>
</html>
