3242 5134
309 681 335 739 4.
350 678 463 735 Pressa
483 693 571 734 cruce
593 677 668 732 flens
692 678 796 745 orarit,
841 677 870 734 7.
886 678 964 734 Dum
985 675 1154 749 completur
1176 677 1260 735 rime
1273 681 1358 734 meta

350 763 413 821 Sibi
435 762 498 819 dari
519 762 684 835 postulavit
883 763 970 820 Nova
990 760 1133 835 panditur
1156 768 1280 819 cometa

391 849 507 905 Donum
528 846 704 921 pudicitiae:
927 847 971 903 Ex
991 846 1110 921 fulgore
1132 847 1242 904 rutilo:

349 933 458 1008 Angeli
480 930 636 989 adstantes
659 933 687 989 ei
882 932 919 988 In
940 931 1101 1005 sepulchro
1124 929 1199 988 dum
1221 933 1337 1007 quievit

349 1018 435 1075 Hunc
458 1018 613 1073 cinxerunt
627 1016 719 1080 ,iussn
741 1016 797 1074 Dei
882 1018 1032 1092 hiemans
1054 1014 1131 1073 odor
1151 1015 1305 1075 redolevit

392 1103 474 1159 Zona
497 1103 705 1159 continentiae.
920 1102 963 1159 Ex
985 1099 1121 1158 eiusdem
1142 1101 1270 1159 tumulo.

307 1222 336 1281 5.
352 1221 471 1289 Petrus,
493 1220 606 1278 Paulus
629 1219 822 1288 advenerunt,
842 1223 870 1281 8.
885 1220 1072 1295 Augustinus
1094 1224 1300 1295 protestatur:

349 1306 540 1381 ignorantem
563 1305 728 1363 docuerunt
882 1306 1014 1362 Thomas
1036 1303 1109 1362 mihi
1132 1313 1321 1381 coaequatur

392 1392 588 1449 Declarantcs
612 1390 715 1449 dubia:
927 1389 1086 1466 inchoris
1110 1390 1312 1462 coelestibus3

350 1477 390 1533 Hi
410 1478 561 1535 viventem
583 1478 796 1544 instruxerunt,
887 1476 974 1532 Hunc
998 1491 1055 1551 ego
1077 1474 1269 1549 pontificatu,

351 1562 529 1617 Morientem
552 1559 740 1617 deduxerunt
885 1560 941 1617 Illo
963 1577 1035 1618 vero
1059 1557 1224 1627 coelibatu,

394 1645 441 1700 Ad
464 1649 586 1701 aeterna
609 1645 728 1719 gandia.
927 1645 1053 1719 Utrique
1075 1640 1300 1719 praecellimus.

310 1765 338 1823 6.
354 1765 432 1821 Dum
454 1768 520 1820 orat
542 1762 678 1821 devotius
845 1764 872 1823 9.
889 1763 993 1821 clama
1014 1764 1133 1838 magnis
1155 1765 1328 1838 gemitibus,

349 1849 463 1905 Doctor
484 1849 543 1916 hic,
567 1848 721 1905 sublimius
888 1848 949 1905 Ora
972 1845 1090 1905 devotis
1111 1848 1267 1922 precibus,

394 1934 421 1990 Α
444 1940 525 1989 terra
545 1934 676 1992 levatur:
928 1934 1009 1990 Voce
1030 1933 1137 2007 plena:

352 2020 516 2076 Crucifixus
537 2019 689 2094 loquitur;
711 2087 713 2091 Α
883 2017 923 2074 Ut
945 2035 1015 2074 cum
1036 2019 1160 2076 summis
1182 2019 1343 2094 spiritibus

354 2103 497 2174 Quaestio
520 2106 711 2178 proponitur;
882 2103 1027 2176 Iungatnr
1049 2102 1126 2160 cosli
1148 2103 1268 2164 civibus

393 2189 475 2246 Deus
496 2207 612 2247 merces
636 2187 732 2245 datur.
925 2181 1016 2244 Plebs
1039 2204 1143 2263 egena.

514 2308 561 2366 1⁰.
582 2307 762 2364 Insistentes
785 2311 856 2363 tuae
877 2305 968 2373 laudi,

575 2392 685 2447 Sancte
708 2391 832 2459 Thema,
856 2391 988 2448 clemens
1012 2390 1081 2448 audi
1166 2389 1169 2394 '

618 2475 714 2532 Orans
736 2492 828 2549 prece
851 2475 965 2544 sedula,

573 2560 613 2617 Ut
633 2562 784 2633 possimus
807 2562 887 2618 servi
908 2562 952 2617 tui

481 2633 490 2650 '
574 2645 686 2701 Tecum
709 2643 777 2703 diva
798 2647 867 2703 luce
888 2646 946 2701 frui

616 2729 676 2788 Per
697 2735 821 2788 aeterna
843 2729 972 2790 saccula

394 2964 465 3021 491.
491 2939 647 3032 [Laudes
670 2943 841 3022 canamus
855 2959 978 3024 nostro
994 2937 1208 3044 redemptori
1227 2956 1418 3028 masto·

308 3052 352 3108 De
376 3050 405 3107 S.
430 3049 624 3124 Gregorio.
667 3051 757 3107 Mone
779 3049 830 3107 ΠΙ.
855 3068 883 3123 p.
908 3045 991 3122 ast]

236 3226 241 3242 ,
336 3171 362 3227 1.
374 3167 494 3226 Laudes
518 3186 658 3226 canamus
867 3170 895 3225 4.
906 3169 959 3225 Eia
983 3171 1104 3244 egregio
1124 3188 1223 3246 papae
1247 3186 1416 3230 romano,

371 3260 474 3310 nostro
494 3253 676 3328 redemptori
698 3253 827 3321 Christo,
907 3254 1031 3321 doctori,
1044 3272 1211 3331 pangamus
1222 3249 1418 3333 Gregorio,

373 3341 423 3414 qui
446 3340 527 3395 venit
549 3356 604 3396 nos
628 3340 745 3398 salvare
896 3411 898 3416 Α
910 3371 968 3442 Qui
990 3372 1075 3430 fulsit
1096 3371 1206 3432 mundo
1220 3380 1424 3438 1,thoe

371 3457 409 3513 Et
431 3459 524 3542 livore
1047 3458 1130 3515 sidus

373 3559 427 3596 suo
451 3542 507 3598 sibi
530 3540 669 3597 dedicare
908 3540 1060 3611 doctrinis,
1077 3545 1218 3618 exemplis
1236 3551 1267 3602 et
1288 3548 1416 3605 virtu‘

374 3625 530 3681 ecclesiam
553 3624 749 3692 candidatam,
1047 3627 1138 3697 tibus,

330 3728 357 3785 2.
369 3716 517 3783 Mundans
528 3743 593 3783 earn
609 3743 728 3801 semper
739 3728 842 3785 rivulis
865 3744 892 3806 5·
906 3745 964 3816 Qui
974 3763 1071 3822 genus
1087 3748 1223 3804 eximium

371 3811 536 3867 inebriatis·
905 3837 935 3889 et
957 3836 1110 3900 sanctum,
1132 3850 1192 3907 quo
1214 3835 1318 3903 nituit,

350 3929 463 4003 Riguus
472 3934 589 3986 montes
597 3926 843 4005 desuperioribus
908 3918 1066 3991 matfflfisse
1089 3917 1202 3986 emma

349 4012 485 4072 nubibus.
907 4034 961 4091 Cui
983 4052 1113 4108 pneuma
1133 4039 1168 4093 ut
1190 4037 1328 4096 columba

329 4132 505 4192 3.Vtvulles
528 4131 680 4189 abundent
692 4135 840 4192 frumento
904 4119 934 4176 5¹¹
957 4121 1120 4178 miculam
1142 4121 1269 4181 &illevit

371 4223 401 4275 et
423 4218 481 4275 hoe
504 4216 659 4274 sollemnio
905 4204 1084 4263 documenta
1105 4208 1239 4281 mystica

369 4320 435 4376 Una
455 4318 642 4394 proclament
663 4324 813 4378 canentes-
862 4322 890 4382 6.
902 4322 1047 4380 Mundum
1068 4327 1250 4401 contempsit

371 4404 445 4461 odas
467 4402 675 4477 tripudiantes.
905 4411 936 4463 et
958 4406 1075 4479 abiecit,
1194 4471 1200 4480 Δ
1309 4445 1314 4454 -
