3242 5134
819 475 866 556 ἰ.
994 543 997 552 s
1090 542 1096 550 1

356 668 440 729 Idem
461 668 511 727 vel
530 669 677 725 latronem
699 678 878 739 suspensum
892 650 910 739 ΙΙ
920 675 1086 737 persuasor
1103 662 1255 718 morsum
1270 671 1343 715 eon·
1373 657 1377 676 ²
1437 629 1440 634 Ι

408 782 412 786 ·
468 754 559 813 vertit
580 754 611 810 in
633 752 835 810 consessorem
1319 800 1322 804 .

358 840 490 897 Teloneo
511 832 663 916 quondam
685 833 841 895 sedentem
855 821 871 913 ΙΙ
883 832 990 894 artifex
1009 832 1126 908 peritus
1149 825 1342 888 transformat

468 926 499 980 in
521 923 744 1011 evangelistam.

315 1044 422 1118 Atqui,
451 1044 476 1099 si
499 1042 670 1117 scripsisset
691 1045 782 1115 poeta
804 1035 897 1115 (quod
919 1042 950 1095 et
970 1037 1076 1094 melius
1098 1035 1227 1092 sortasse
1250 1025 1385 1090 scribere

315 1127 423 1204 potuit)
446 1130 622 1201 peritum„
639 1131 703 1183 tum
717 1129 787 1200 post
807 1138 1007 1199 persuasor
1029 1126 1060 1178 et
1074 1117 1208 1178 artifex
1231 1116 1385 1174 clausulas

316 1213 573 1287 interprmxissem.
616 1211 713 1269 Multo
734 1211 845 1278 minus,
883 1224 950 1265 mea
972 1204 1092 1284 quidem
1114 1204 1276 1272 sententia,
1313 1203 1387 1276 post

316 1299 409 1358 verba
436 1297 643 1366 imbecilliore,
674 1314 699 1355 e.
730 1315 759 1374 g.
789 1297 841 1365 io,
870 1299 996 1370 atque,
1026 1293 1099 1370 qui,
1127 1306 1234 1372 quos,
1265 1287 1385 1378 aliaque

299 1380 451 1454 ¹ciusdem
472 1384 599 1460 generis.
643 1377 731 1454 Quod
752 1386 853 1438 tamen
875 1379 1049 1456 saepissime
1065 1375 1137 1438 lacit
1151 1369 1278 1473 dionius,
1293 1385 1318 1431 e.
1334 1387 1363 1448 g.
1377 1390 1384 1427 :
1409 1389 1413 1403 ¹

620 1500 722 1576 Atque
743 1501 881 1575 pretium,
904 1504 942 1555 tn

621 1589 716 1646 rectis
739 1603 772 1643 es
794 1585 872 1643 botri

620 1674 681 1730 nati
703 1674 733 1729 in
755 1671 849 1729 vineis
871 1665 1015 1746 Engaddi
1037 1694 1080 1704 -
1155 1755 1158 1762 Ι

617 1790 760 1849 Gaudens
783 1789 914 1848 ecclesia
934 1788 1025 1845 hano

620 1876 768 1934 dieculam
788 1872 968 1934 venerando.
1044 1922 1046 1926 ,

317 1994 360 2051 m
381 2011 473 2070 saepe
496 1991 613 2063 accidit,
635 1994 747 2050 nullam
768 1995 799 2049 in
820 2008 911 2050 versu
933 1989 1087 2066 emphasin
1107 1988 1150 2046 ita
1163 1986 1273 2056 inesse,
1295 1991 1330 2043 nt
1345 1981 1384 2044 de
1433 2049 1438 2055 ⁴

319 2075 478 2137 statuenda
499 2078 689 2136 intercisione
711 2078 748 2135 ab
772 2093 808 2136 ea
823 2072 994 2134 doceamur?
1031 2071 1119 2143 Tum,
1141 2071 1260 2150 'sl'quae
1276 2076 1385 2140 exstat,

318 2163 505 2241 quaerenda.
524 2166 580 2221 erit
610 2165 797 2231 assonantis,
828 2163 985 2221 utilissima
1013 2176 1085 2219 sane
1114 2163 1145 2217 et
1164 2157 1310 2216 fidissima
1332 2155 1386 2215 ad-

317 2251 413 2306 iutrix.
457 2249 599 2323 Exempla
621 2253 739 2322 exstant
759 2247 921 2306 innumera
1034 2268 1039 2276 ‘
1229 2267 1232 2274 ·

401 2369 541 2442 Hymnite
563 2384 642 2424 nunc
664 2365 767 2441 superi
799 2359 802 2386 ¹
826 2368 940 2442 pariter
960 2329 1101 2424 resonate
1118 2357 1208 2422 'inferi

400 2452 439 2509 Et
461 2453 555 2509 omnis
577 2453 607 2510 in
629 2448 747 2509 Domini
827 2452 948 2527 spiritus
967 2447 1138 2528 gratuletur
1160 2447 1269 2539 aenesl.
1292 2474 1335 2526 7-

402 2571 534 2641 Quarum
556 2572 683 2628 coronis
725 2549 728 2558 ¹
788 2575 911 2627 ornatur
932 2575 1029 2627 mater
1050 2569 1180 2628 ecclesia
1205 2629 1207 2631 ,

401 2655 533 2725 Quarum
555 2656 726 2731 triumphis
787 2656 918 2713 exsultat
937 2656 1092 2713 coelorum
1109 2655 1204 2713 euris.
1226 2676 1270 2692 -··
1305 2699 1312 2710 .

400 2769 527 2844 Spiritus
549 2775 627 2829 alme
704 2783 706 2787 ’
758 2773 923 2829 illustrator
944 2771 1096 2829 hominum
1160 2762 1165 2769 ’

335 2872 351 2890 ··
378 2853 542 2938 iiorridas
563 2858 697 2912 nostras
756 2858 864 2914 mentis
885 2857 958 2932 fuga
979 2857 1134 2915 tenebras·
1149 2881 1194 2898 -·

293 3017 297 3028 .
398 2972 446 3029 Τιι
467 2975 641 3049 purificator
662 2975 793 3033 omnium
853 2976 1034 3051 flagitiorum
1054 2975 1184 3050 Spiritus

397 3055 526 3116 Purifica
547 3060 641 3117 nostri
664 3059 791 3117 oculum
851 3062 999 3138 interioris
1020 3059 1156 3119 hominis.

195 3192 201 3197 ·
313 3172 364 3232 ubi
392 3178 503 3251 optime
532 3179 610 3235 inter
638 3180 789 3236 omnium
819 3184 849 3236 et
878 3180 1104 3255 flagitiorum
1133 3177 1213 3236 cadit
1242 3158 1376 3237 caesura.

312 3260 435 3318 Cunctis
464 3264 542 3319 ¹mrim
565 3261 601 3320 ex
616 3264 742 3339 ¹flagitiis
771 3281 878 3338 puram
897 3269 1053 3338 praestans
1075 3269 1206 3337 mentem
1225 3266 1254 3321 ei
1277 3263 1377 3335 debet,

283 3385 285 3392 .
309 3347 364 3420 qni
385 3346 482 3403 Deum
500 3348 608 3439 oculo
630 3347 821 3406 interioris
843 3350 997 3408 hominis
1018 3348 1121 3409 videre
1143 3348 1302 3409 desiderat

310 3462 374 3520 Iam
396 3482 429 3521 se
450 3463 586 3539 replicat
604 3455 609 3543 Ι
629 3448 741 3525 saeculi
768 3459 875 3526 series
895 3457 900 3546 Ι
917 3470 1046 3528 maxima
1060 3459 1074 3547 ΙΙ
1087 3472 1169 3529 venit
1191 3469 1281 3527 etiam
1296 3458 1305 3549 1
1322 3486 1374 3530 ra·

375 3551 413 3605 tis
436 3550 583 3607 Cumaeae
605 3551 754 3609 veridicae
773 3542 778 3629 Ι
796 3556 855 3610 iarn
878 3556 961 3612 aetas
985 3557 1121 3612 carminis
1143 3543 1272 3633 ultima}

310 3633 396 3709 vago
415 3640 540 3692 remeat
558 3624 563 3711 Ι
579 3637 704 3694 saecula
722 3635 883 3698 revehens
901 3629 907 3716 1
923 3655 1019 3699 aurea
1032 3631 1047 3717 Η
1061 3640 1171 3702 adsmt
1183 3646 1333 3716 tempora

374 3737 434 3794 quo
457 3738 531 3797 gens
554 3722 651 3779 ferrea
672 3724 731 3780 iam
753 3713 893 3801 desinat!
913 3730 945 3782 at
964 3725 1074 3783 mmdo
1096 3727 1224 3802 pulluht
1239 3741 1333 3786 aurea

309 3836 390 3912 quod
413 3843 443 3895 et
465 3840 630 3914 exemplum
652 3843 769 3901 minime
792 3840 991 3919 spernendum
1017 3849 1065 3904 est
1086 3835 1268 3916 crebrldrum
1290 3859 1387 3922 asso-7

307 3924 482 3993 nuntiarum,
504 3932 613 4000 poetae
636 3927 759 3987 sanein
781 3928 890 3987 talibus
912 3929 1037 3988 vinculis
1060 3931 1215 4006 gloriantis
1237 3931 1307 3990 ludi.
1410 4000 1413 4004 ,

391 4043 502 4118 Vigilat
522 4051 677 4121 pastorum
699 4063 773 4106 cura
807 4087 813 4102 .
846 4038 1073 4125 {vorandium
1095 4051 1245 4127 angelica
1320 4077 1323 4082 ·

390 4127 520 4187 cantant
540 4132 654 4207 inclyta
676 4135 809 4192 carmina
873 4134 963 4208 plena
984 4151 1060 4209 paee
1081 4139 1114 4193 et
1134 4137 1245 4212 gloria

308 4251 310 4256 -
361 4248 364 4255 ·
389 4212 507 4272 Christo
528 4213 664 4275 referunt
683 4220 809 4293 propris
872 4218 957 4278 nobis
980 4226 1090 4279 eanum
1112 4238 1150 4279 ax
1168 4222 1287 4306 gratim
1299 4247 1351 4262 ···-

471 4309 610 4375 'Gaude
632 4318 737 4377 horno:
799 4337 867 4398 cum
887 4322 1049 4397 perpendis
1069 4324 1143 4382 talia

378 4464 389 4478 ¹
504 4401 610 4471 Gaude
632 4419 714 4464 caro:
797 4408 989 4469 fecta-Verbi
1009 4410 1101 4468 socia.
