3242 5134
843 591 848 599 ι

317 655 394 714 Ante
417 657 531 731 Regem
554 656 715 714 decoratur

359 741 481 818 Martha·
499 741 561 815 poli
584 745 675 799 curia.

275 862 302 922 3.
325 862 407 919 Haec
430 864 477 917 est
491 861 611 918 Martha
634 878 712 938 quae
728 862 807 920 ciba-

316 1032 430 1105 Regem
453 1031 529 1088 coeli
552 1036 583 1087 et
605 954 730 1105 potandiltt,

205 1149 208 1157 ·
316 1117 481 1189 Diligenter
502 1116 647 1173 focillavit

359 1202 450 1259 Sacra
473 1202 535 1277 lare
557 1204 691 1274 propria:

894 656 1072 713 lneedamus
1095 657 1249 714 Messias:

853 741 910 811 Qui
933 760 1046 816 egenos
1069 744 1250 808 nutrierunt,
1306 791 1311 802 .

852 828 889 882 Et
910 829 1032 902 propria
1054 830 1105 902 qui
1127 829 1291 902 liquerunt,

854 913 982 979 Martha,
1006 913 1102 968 Maria
1124 914 1248 979 [uerunt

896 998 929 1053 In
953 996 1075 1053 sedibus
1099 998 1224 1072 gloriae.

806 1185 835 1242 7.
852 1184 946 1241 Prece
968 1184 1108 1241 Marthae
1131 1185 1177 1240 vis
1200 1183 1324 1242 Domini

317 1286 468 1343 Christum
484 1288 575 1359 pavit,
592 1285 691 1342 mundi
704 1286 805 1354 decus,
894 1269 1100 1326 ROSUSCMWM
1123 1269 1288 1334 Lazarum

317 1372 382 1441 Quo
401 1376 564 1445 pascuntur
579 1372 678 1438 hoino,
702 1390 803 1445 pecus,
850 1354 1013 1412 ReddendO
1036 1355 1143 1411 flamen
1168 1355 1291 1427 ⁰0¹”P0ri

316 1458 398 1523 Ales,
421 1458 522 1529 piscis,
547 1473 646 1531 aeger,
672 1475 788 1523 caecus,
890 1441 1073 1516 Exspoliavit
1095 1440 1265 1495 Tartarum.

359 1543 396 1597 Et
417 1542 478 1614 poli
501 1542 618 1598 familia.

272 1663 300 1718 4.
316 1662 430 1735 Regem
453 1660 545 1717 coelis
569 1660 733 1731 celsiorem,

316 1747 394 1802 Orco
418 1751 448 1801 et
471 1745 703 1818 profundiorem,

847 1526 975 1583 Torrens
999 1530 1084 1582 antro
1106 1526 1156 1580 hic
1178 1525 1326 1606 Lazarus,

848 1610 1070 1680 Quatriduanus
1093 1608 1237 1676 foetidus,

315 1831 420 1899 Ponto,
444 1835 533 1896 terra,
558 1831 730 1903 ampliorem
807 1818 835 1871 8.
853 1815 962 1869 Molem
987 1816 1085 1887 signat
1108 1814 1319 1887 peccaminum

355 1916 480 1989 Excepit
503 1915 557 1970 sub
580 1917 728 1989 tegmine:

314 2002 400 2057 Hunc
423 1999 566 2076 quidquid
590 2002 705 2073 concipi
716 1997 800 2080 polo,

316 2086 534 2160 Comprehendi
557 2088 660 2169 autin
684 2086 758 2152 solo,

315 2171 431 2245 Quique
456 2176 564 2227 cuncta
586 2176 669 2227 tenet
691 2171 790 2244 palmo

358 2256 428 2312 Sola
451 2256 560 2312 clausit
582 2257 718 2312 foemina.

274 2375 301 2431 5.
315 2374 454 2431 Marthae
477 2379 542 2429 erat
566 2391 651 2429 soror
672 2376 731 2447 pia,

315 2460 513 2531 Nuncnpatur
535 2475 612 2531 quac
635 2459 740 2525 Maria,

314 2543 428 2613 Quibus
450 2544 536 2599 nobis
559 2548 644 2616 patet
666 2545 714 2598 via

214 2683 217 2689 .
356 2628 404 2684 Ad
426 2634 549 2685 aeterna
571 2627 690 2701 gaudia.

316 2715 405 2771 Stans
427 2712 466 2769 ad
488 2712 581 2785 pedes
606 2714 768 2770 Salvatoris

314 2798 397 2855 Haec
419 2798 514 2854 Maria
536 2798 605 2873 lege
628 2800 718 2853 moris

314 2884 386 2939 Eius
409 2882 491 2939 audit
513 2883 605 2940 verba
627 2884 687 2938 oris

356 2968 392 3023 Et
415 2968 535 3024 Martha
557 2973 646 3041 parat
672 2966 805 3041 prandia
853 3002 877 3058 Ο
900 3002 1029 3068 Martha,

272 3086 300 3145 6.
317 3076 437 3143 Martha
460 3086 544 3143 nobis
569 3086 764 3161 corporalem,

314 3172 351 3227 Et
373 3172 469 3228 Maria
492 3172 656 3251 spiritalem

853 1898 1055 1967 Quadrifidam
1076 1901 1278 1973 peccantium.

853 1984 877 2040 0
901 1991 1013 2058 quanta
1034 1984 1193 2057 mysteria!

852 2071 876 2125 0
901 2071 995 2125 molae
1018 2070 1154 2125 miseria!

850 2154 946 2211 Prava
969 2156 1123 2228 cogitatio,

849 2240 948 2295 Inanis
971 2240 1091 2305 locuti0,

850 2325 930 2380 Mala
953 2325 1096 2397 operatio,

850 2408 962 2464 Sedula
985 2408 1200 2482 transgressio:

850 2493 932 2548 Haeo
956 2498 1003 2549 est
1025 2494 1103 2549 mola
1126 2489 1305 2567 quadrifida,

850 2577 946 2647 Quam
969 2577 1078 2634 scindit
1100 2577 1322 2650 poenitentia·

850 2651 1043 2719 Suscita'nos
1068 2680 1085 2718 a
1107 2663 1186 2718 vitiis

848 2748 978 2814 Christe,
1004 2750 1054 2822 qui
1069 2747 1207 2803 Marthae
1231 2745 1342 2801 meritis

799 2861 801 2864 v
849 2832 1050 2905 Resuscitasti
1066 2830 1211 2887 foetidum

851 2918 878 2973 Α
899 2917 969 2974 bina
991 2935 1065 2974 nece
1087 2916 1243 2973 Lazarum.

1053 3020 1124 3059 vera
1145 3002 1278 3075 hospita,

852 3086 909 3142 Pro
934 3086 1018 3142 nobis
1043 3086 1194 3141 Christum
1216 3088 1315 3159 rogita

850 3170 916 3240 Quo
939 3173 1074 3228 vivamus
1097 3173 1126 3226 in
1150 3173 1258 3245 gratia,

313 3257 462 3313 Monstrat
483 3259 583 3324 vitam,
608 3258 668 3331 q'ua
689 3255 727 3311 ad
748 3254 805 3313 Pa·
848 3257 881 3312 In
904 3258 1027 3331 perenni
1050 3257 1174 3313 laetitia.

678 3344 754 3397 trem

356 3461 383 3519 7.
405 3460 468 3519 Lib.
490 3460 725 3518 reddendus.

848 3342 943 3398 Amen
967 3341 1067 3399 dicant
1090 3342 1196 3397 omnia.

356 3730 427 3789 560.
481 3701 596 3802 [tue
619 3722 735 3790 iunxit
767 3720 992 3788 laetabunda.
1057 3732 1103 3787 De
1148 3732 1176 3789 S.
1215 3730 1339 3787 Olavoa

271 3817 392 3874 Neale
416 3816 497 3891 Seqt
519 3836 548 3890 p.
575 3816 633 3875 140
656 3834 673 3873 e
695 3816 812 3875 Missali
834 3816 1020 3873 Nidrosiensi
1046 3814 1144 3883 tnta]
1230 3857 1235 3861 -

274 3978 299 4033 1.
315 3971 379 4028 nux
401 3969 501 4026 inum
523 3930 714 4037 laetabunda,
808 3973 837 4030 a.
856 3970 1012 4027 Gloriosus
1034 3968 1124 4025 none

193 4059 195 4063 “
311 4059 376 4114 Lux
397 4054 531 4122 illustris,
555 4055 605 4110 lux
627 4054 765 4123 iucunda,

354 4141 419 4198 Lux
442 4139 533 4215 digna
553 4142 730 4214 praeconio:

312 4228 346 4284 In
369 4225 502 4304 solemne
524 4222 666 4298 gaudium

204 4303 208 4314 ’
313 4312 493 4383 Prorumpat
513 4307 648 4363 fidelium

351 4396 476 4453 Sincera
498 4392 631 4451 devotio.

849 4056 960 4113 Christi
982 4054 1099 4128 Martyr
1122 4056 1238 4129 gloriae

893 4140 1075 4196 Sublimatur
1098 4140 1189 4195 solio:

849 4224 907 4281 Pro
930 4226 1060 4280 aeternis
1082 4224 1185 4282 brevia

836 4310 1051 4366 ·Commutavit
1074 4308 1185 4383 gaudia

891 4395 982 4451 Felici
1003 4395 1193 4452 commercio,
