3242 5134
365 670 415 727 hic
437 673 564 744 accepit,
587 687 646 726 non
669 671 798 744 decepit,

258 773 264 782 ·
366 755 404 812 ob
426 755 485 812 hoe
508 757 609 833 currit
622 760 653 811 et
674 773 733 812 non
755 757 835 843 repit

408 840 447 896 ad
469 839 518 897 dei
539 841 690 914 palatium.

323 959 396 1017 ao
419 958 540 1034 Georgi,
563 957 654 1015 funde
675 976 792 1033 preces,

365 1045 448 1101 urbis
471 1051 541 1101 inae
564 1045 636 1100 tolle
658 1045 759 1101 faeces

409 1135 500 1203 atque
524 1146 640 1185 omnem
663 1130 799 1195 scoriam,

365 1219 400 1271 ut
421 1213 554 1271 mundati
576 1221 607 1271 et
629 1216 750 1289 purgati

365 1305 396 1356 te
419 1298 544 1356 duetore
566 1298 771 1373 perducantur

408 1384 446 1440 ad
469 1384 631 1441 coelestem
654 1385 786 1459 gloriam.

273 1626 432 1709 [Exultat
449 1628 550 1716 plebe
567 1629 723 1713 fidebam
742 1626 954 1714 canusque
970 1624 1159 1695 Narnien-

255 1725 292 1779 ie.
315 1724 344 1779 S.
365 1722 558 1781 Iuvenale.
602 1724 692 1781 Thes.
714 1722 751 1779 11.
774 1742 803 1797 p.
824 1714 908 1791 2431

298 2000 449 2164 [124ch
473 2003 564 2069 calle
592 2004 838 2090 lacrymarum.
881 2010 926 2066 De
953 2008 981 2068 S.
1004 2009 1161 2068 Monica

254 2140 258 2153 .
281 2115 310 2170 p.
400 2139 405 2150 .

254 2232 275 2271 ‚c
297 2216 375 2273 valle
398 2216 596 2289 lacrymarum
651 2216 678 2275 9.
695 2217 777 2273 Haec
788 2185 992 2290 Augustinum
1000 2212 1162 2281 doctorem,

255 2300 339 2356 tlux
360 2300 518 2357 viduarum
695 2301 841 2358 ecclesiae
865 2303 987 2356 sanctae
1010 2299 1119 2367 lumen,

254 2389 310 2442 icta
331 2393 427 2442 mater
448 2387 579 2442 Monica:
714 2386 840 2461 protulit
861 2383 1090 2460 praefulgidum,

255 2503 345 2561 vidua
365 2506 441 2562 haec
465 2510 579 2572 sancta,
637 2506 683 2564 10.
698 2506 808 2561 Munus
830 2504 888 2560 hoc
915 2510 1002 2577 pater
1023 2504 1165 2560 luminum

270 2606 305 2646 ac
326 2590 478 2664 religiosa,
697 2588 1016 2664 contulit,quodtotum
1024 2576 1167 2646 mundum'

254 2676 284 2732 ia
307 2680 398 2749 atque
422 2675 531 2743 sobria,
737 2676 808 2732 fecit
829 2674 1109 2749 praeclarissimum.

254 2811 301 2848 ron
317 2794 434 2851 feriens
444 2801 474 2850 et
487 2795 618 2869 benigna
636 2795 682 2853 11.
697 2793 780 2849 Haec
802 2793 927 2867 largiter
948 2791 1107 2860 tribuebat,

254 2896 340 2952 isque
364 2884 394 2934 et
416 2878 554 2937 modesta
694 2881 875 2936 infirmorum
897 2877 1020 2935 liniebat

254 2963 353 3020 siebat
374 2964 515 3032 moribus,
737 2965 893 3021 cicatrices
915 2963 1079 3028 vulnerum,

254 3099 298 3138 na
320 3099 355 3138 ac
372 3083 481 3139 devota
637 3084 683 3141 12.
699 3082 859 3148 Alimenta,
882 3082 1062 3137 monimenta

254 3185 361 3242 [noque
384 3185 503 3242 semper
526 3173 590 3224 tota
698 3167 852 3224 animabus
876 3171 906 3222 et
928 3166 1061 3221 fomenta

258 3252 451 3309 orationibus.
738 3251 913 3327 corporibus
935 3266 1108 3324 pauperum.

255 3388 385 3445 namque
407 3369 528 3429 viduata
636 3373 682 3431 13.
697 3372 781 3427 Haec
804 3376 851 3427 est
872 3370 924 3426 illa
945 3367 1104 3426 benedicta

255 3458 286 3512 in
307 3455 452 3514 viduitate
697 3456 788 3513 vidua
810 3455 993 3530 evangelica,

253 3542 285 3597 is
308 3541 440 3598 sedecim
463 3543 590 3609 circiter,
677 3601 680 3610 ,
742 3558 833 3617 quam
854 3540 988 3598 laudavit
1004 3538 1150 3608 dominus,

254 3661 277 3718 ti
297 3662 368 3734 iugo
391 3662 572 3744 mancipavit
635 3662 681 3719 14.
698 3660 783 3729 Quae
804 3660 873 3736 plus
897 3661 1032 3718 omnibus
1055 3659 1168 3716 imbuta

255 3749 350 3802 totam
373 3752 403 3801 et
425 3748 549 3804 vacavit·
697 3746 756 3802 duo
778 3744 924 3802 mittendo
947 3747 1060 3803 minuta

253 3848 357 3890 summo
381 3830 564 3904 simpliciter.
737 3832 767 3888 in
790 3832 1057 3905 gazophylacium:

254 3950 276 4005 ti
299 3967 381 4005 amor
403 3949 579 4007 vulnerabat
639 3949 686 4008 15.
701 3950 767 4007 Duo
791 3954 861 4007 sunt
882 3951 995 4007 minuta
1016 3951 1068 4006 illa

253 4051 293 4090 em
316 4037 389 4102 eius,
413 4051 481 4090 narn
496 4034 636 4108 portabat
699 4035 888 4109 Augustinus
911 4041 942 4093 et
962 4035 1091 4103 Monica,

253 4136 326 4177 icem
349 4122 412 4176 eius
435 4121 554 4194 iugiter,
745 4136 872 4196 corpore
895 4126 927 4177 et
948 4122 1058 4187 anima;

253 4243 282 4295 et
304 4239 416 4295 Christi
438 4240 609 4313 passionem
638 4239 685 4298 16.
701 4238 786 4308 Quae
808 4242 942 4314 suscepit
963 4241 1030 4313 pius
1052 4235 1147 4306 Iesus,

253 4347 256 4374 ι
280 4341 334 4379 suo
359 4328 389 4379 et
412 4339 539 4398 agonem
698 4327 750 4401 qui
773 4330 822 4382 est
844 4326 956 4381 sanctis
975 4328 1075 4400 potus,
1099 4340 1169 4380 esus

253 4425 296 4465 rm
318 4408 433 4466 habens
454 4410 587 4468 firmiter.
743 4412 775 4467 in
796 4411 923 4468 coelesti
944 4409 1050 4483 patria.

843 4510 848 4514 '
919 4501 969 4558 1⁷·
