3242 5134
574 649 704 709 Verbum
723 648 836 706 bonum
856 652 897 705 et‘
909 646 1002 704 aliave
1075 683 1101 698 „
1182 689 1185 694 .
1392 672 1399 679 ·

574 735 772 793 Personemus
795 732 869 791 illud
891 726 979 814 Aves
1131 785 1134 790 .
1200 788 1205 798 ,

573 821 632 879 Per
648 819 729 896 quod
744 819 855 876 Christi
870 818 904 878 fit
919 809 1061 876 conclave
1108 883 1113 890 ‚
1161 811 1207 902 ‘JK
1311 825 1317 836 ·

625 908 725 981 Virgo,
749 909 853 973 mater,
875 897 961 961 filiai

574 1026 633 1084 Per
655 1023 736 1100 quod
754 993 821 1086 Atsse
844 1001 975 1083 salutata
993 1089 997 1096 ‚
1077 1088 1080 1092 ,

443 1126 451 1141 ·
575 1112 646 1170 Mox
667 1111 806 1186 concepit
827 1107 1010 1167 foecundata
1202 1127 1207 1141 ·

577 1198 668 1273 Virgo
691 1196 787 1254 David
810 1198 903 1270 stirpe
925 1198 1005 1264 nata,

628 1282 710 1340 Inter
732 1283 834 1357 spinas
855 1282 926 1339 lilia.

236 1410 240 1424 '
272 1420 344 1481 Eam
366 1422 449 1480 Miss.
474 1420 731 1499 Argentoratense
755 1417 867 1476 saeculi
883 1409 950 1478 XV.
970 1417 1014 1473 ita
1036 1413 1170 1473 exhibet:
1252 1498 1255 1501 y

540 1575 595 1632 Ein
615 1573 739 1632 verbum
760 1572 870 1630 bonum
892 1568 953 1628 und
975 1570 1067 1628 silave
1219 1641 1225 1655 ἱ
1252 1631 1283 1656 .,

538 1657 619 1717 Santi
641 1657 686 1717 dir
701 1657 769 1726 (iot,
794 1655 848 1715 der
868 1656 983 1715 heisset
1001 1653 1075 1723 Ave,
1173 1651 1175 1656 ’

537 1743 678 1803 Zehende
691 1750 767 1801 wert
789 1742 830 1800 du
845 1742 920 1801 Gota
936 1741 1077 1801 conclave
1201 1738 1203 1742 ”
1249 1735 1254 1742 ’

601 1831 723 1898 Mutter‚
746 1845 825 1905 mag,
849 1833 880 1886 et
901 1828 972 1885 filia.
1085 1849 1088 1854 ·

538 1917 585 1973 Da
605 1916 690 1973 mitte
705 1913 845 1971 -wurdest
874 1914 1012 1981 salutato,

540 1996 749 2076 Vom'heilgen
772 2001 869 2077 geiste
883 1997 1072 2068 foecundata,

540 2078 698 2145 Von'herr
718 2080 825 2145 Davitz
847 2088 992 2143 stammen
1004 2089 1076 2142 nata
1190 2124 1193 2129 -

603 2172 649 2230 On
672 2171 763 2228 dorne
786 2169 853 2229 sind
875 2169 934 2229 den
954 2170 1025 2231 lilia

274 2292 320 2349 Ita
342 2308 462 2366 quoque
484 2292 519 2355 in
536 2290 660 2366 Anglia:
711 2296 713 2300 ’

517 2408 648 2484 Blessyd
668 2407 707 2466 be
729 2410 796 2468 that
817 2407 925 2484 mayde
946 2405 1052 2482 Mai-y!
1084 2402 1088 2407 ’

518 2496 598 2552 Born
620 2496 659 2551 he
680 2511 743 2552 was
766 2495 800 2550 os
817 2491 872 2551 her
892 2492 982 2568 body,

519 2580 642 2638 Goddes
665 2597 738 2638 sone
759 2580 827 2636 that
849 2584 945 2653 oyttet
963 2576 1091 2654 ¹on‘ligh

519 2667 586 2722 Non
608 2681 645 2724 en
666 2666 743 2723 virili
765 2666 886 2722 semine.

522 2786 632 2851 Chiist
656 2777 722 2839 that
743 2782 872 2857 deydest
894 2802 932 2841 on
954 2783 1006 2843 the
1022 2777 1092 2848 ‚tr'ee

560 2864 619 2924 Pro
643 2872 746 2924 nostra
768 2866 875 2936 salute,
936 2874 939 2878 '
999 2917 1000 2921 ,

518 2952 587 3010 And
608 2956 726 3010 arosest
747 2953 777 3009 in
799 2952 893 3027 dayes
917 2953 1002 3011 three

559 3037 665 3095 Divina
686 3037 806 3107 virtute,

517 3121 570 3180 Yif
586 3140 622 3179 us
645 3140 736 3197 grace
759 3124 842 3182 sinne
865 3130 896 3182 to
917 3121 975 3189 fiee

490 3211 495 3220 '
565 3206 669 3265 Stante
691 3209 845 3268 iuventute

518 3292 598 3350 That
613 3311 651 3350 on
667 3291 850 3368 domesdaye
865 3310 929 3353 wee
944 3305 1031 3369 maye
1047 3310 1098 3354 see

560 3378 683 3436 Vultum
704 3376 787 3436 tuum
809 3384 882 3443 tute.
901 3455 904 3460 ἢ

361 3497 449 3567 Quod
469 3506 616 3573 persaepe
638 3500 667 3554 in
697 3499 836 3572 Hymnis
859 3497 938 3555 idem
968 3515 1089 3574 quoqne
1118 3500 1148 3555 in
1169 3499 1345 3575 Sequentiis

275 3582 493 3641 observandum
514 3589 569 3640 est.
616 3584 752 3658 Scriptor
775 3601 871 3643 novae
892 3601 1001 3659 prosae
1031 3585 1210 3660 principium
1231 3600 1268 3642 ex
1290 3601 1350 3653 απτ,

275 3669 412 3743 tiquiore‚
436 3672 467 3725 et
482 3671 597 3743 gratiae
612 3668 824 3738 conciliandae,
841 3676 872 3727 et
886 3668 1032 3727 melodiae
1048 3686 1148 3739 cansa,
1171 3667 1253 3727 haud
1274 3688 1345 3739 rano
1375 3693 1380 3710 ‘

274 3755 388 3825 petivit
432 3754 549 3811 Nemini
570 3771 629 3811 non
650 3758 721 3812 nota
742 3761 791 3812 est
813 3755 976 3831 Sequentia
997 3756 1048 3813 illa
1069 3753 1310 3816 asmantiam-2.

357 3887 570 3947 Laetabundus
593 3890 706 3948 exultet
727 3891 823 3949 fidelis
847 3893 972 3951 chorus:
999 3890 1137 3951 Alleluia.

357 3974 471 4050 Regem
484 3994 589 4052 regum
603 3977 733 4033 intactae
748 3973 880 4052 profudit
895 3976 1015 4035 thorus:
1038 3978 1098 4036 Res
1113 3973 1255 4037 miranda.

274 4091 369 4162 Quam
390 4093 498 4154 multas
520 4079 658 4154 habuerit
679 4097 868 4166 imitationes,
890 4096 966 4156 haec
990 4098 1049 4174 sint
1071 4098 1214 4175 exemplo.
1320 4153 1323 4179 ἶ

273 4212 396 4270 Missale
418 4204 647 4284 Leodiense‚'in
669 4217 759 4273 Festo
782 4216 834 4275 SS.
858 4217 984 4275 Simonis
1007 4223 1038 4275 et
1057 4216 1166 4277 Iudae:

191 4389 196 4399 ,
316 4318 320 4323 ”
356 4333 422 4391 Hae
444 4334 475 4389 in
497 4332 546 4391 die
566 4335 696 4394 laetetnr
718 4335 828 4394 ohorns
849 4334 960 4394 fidelis:
983 4336 1121 4397 Alleluia·
1292 4359 1295 4364 ·

359 4417 426 4490 Qua
448 4436 515 4477 oum
536 4419 611 4479 luda
633 4423 672 4479 sit
694 4420 795 4496 Simon
817 4421 965 4484 advectus
983 4423 1091 4518 eoelis:
1113 4423 1175 4483 Res
1197 4420 1343 4485 manaa
