3242 5134
735 463 776 538 ti

221 653 371 705 etorum
394 647 472 724 App.
514 648 565 708 26.
577 649 711 725 ligone
732 650 960 732 triumphali.
982 652 1082 711 Martt.
1127 655 1176 714 2⁷.
1198 655 1289 727 Quid

219 739 261 790 tn
284 735 389 810 virgo
410 739 526 793 meter
545 735 681 810 ploras.
703 736 827 813 Μαι-ιιι.

691 1039 907 1048 ..-ῃ-ιιι-

495 1278 525 1361 1.
558 1277 683 1352 Index
717 1277 1018 1382 Sequentierum

366 1403 565 1476 Confectus
594 1421 613 1461 a
634 1403 667 1461 P.
689 1405 713 1461 I.
735 1404 898 1463 Brunder
918 1406 1018 1464 Anno
1044 1407 1148 1466 1507.
1193 1437 1196 1442 ¹

307 1533 485 1598 Franciscus
507 1558 525 1597 a
555 1537 703 1618 Gaisp'erg
731 1517 797 1600 cum
821 1543 922 1603 Sancti
946 1541 1023 1602 Galli
1049 1543 1152 1602 sedem
1175 1547 1292 1604 teneret

222 1603 466 1700 (idol-1529),
488 1644 525 1684 ne
549 1625 669 1686 deesset
657 1633 807 1687 ttmonas
809 1631 870 1686 erio
892 1629 921 1686 in
951 1628 1042 1686 rebus
1070 1630 1217 1703 hymnicis
1241 1647 1291 1688 an

222 1711 350 1786 tiquitus
373 1711 513 1769 celebrat'
492 1713 604 1770 tissimo
620 1713 756 1789 locuples
778 1717 907 1771 omnium
922 1719 1108 1788 vetustorum
1131 1717 1291 1774 carminum

224 1796 380 1864 collectio,
412 1797 562 1858 mandavit
588 1797 671 1856 Patri
692 1798 822 1856 loachim
845 1795 1036 1876 Brander,
1067 1787 1139 1858 San·
1141 1793 1290 1858 Gallensis

225 1885 391 1955 contentus
413 1882 496 1940 fratri
519 1899 662 1960 perquam
685 1869 921 1954 erudit0,ut1n
945 1903 1034 1943 ιιιιιιιιι
1055 1885 1194 1945 volumen
1223 1903 1292 1941 con·

224 1957 346 2044 gereret
365 1965 558 2042 limorum,
582 1970 808 2045 sequentiarum
831 1976 922 2045 atque
937 1969 997 2027 Ant
984 1971 1173 2046 tiphonarum
1196 1970 1292 2040 muli·

223 2051 366 2110 tudinem.
411 2052 476 2123 Quo
500 2072 622 2111 munere
645 2055 780 2111 Bra‘nder
802 2058 881 2112 omni
911 2072 982 2111 cura
1004 2057 1204 2132 prosperrime
1225 2072 1293 2129 per-

223 2140 351 2196 functus·
369 2144 423 2195 est.
460 2139 578 2197 Etenim
591 2141 805 2213 amplissimum
829 2158 979 2197 sacrarum
1001 2143 1170 2200 cantionum
1191 2157 1293 2197 nume·

223 2241 298 2293 rum,
321 2219 371 2280 illo
395 2240 469 2283 aevo
492 2223 572 2300 apud
596 2225 704 2282 Helvet
692 2230 739 2282 tos
762 2242 798 2281 ac
822 2224 986 2284 Germanos
1016 2225 1204 2302 potissimum
1232 2226 1292 2283 usi-

223 2314 357 2368 tatarum
376 2309 508 2386 collegit,
529 2310 591 2367 fere
608 2327 709 2366 omnes
732 2312 811 2367 notis
833 2312 954 2368 musicis
969 2309 1133 2380 adornavit,
1157 2327 1235 2388 quae
1258 2327 1294 2368 ex

224 2396 350 2471 antiqua
372 2395 445 2453 san·
447 2393 580 2452 Gallensi
602 2394 760 2452 traditione
784 2387 821 2452 de
840 2398 1004 2455 carminum
1030 2396 1202 2453 auctoribus
1230 2413 1293 2453 cre·

224 2479 382 2549 debentur,
399 2479 562 2548 adnotavit,
575 2481 685 2537 adiecit
699 2481 767 2548 alia,
784 2498 862 2556 quse
877 2487 1042 2538 memoratu
1056 2484 1180 2540 maxime
1204 2480 1294 2556 digna

224 2570 304 2623 nunt
347 2565 434 2626 Hunc
463 2566 607 2648 Branderi
630 2566 762 2623 codicem
791 2565 856 2632 (No.
878 2565 951 2633 546)
974 2567 1045 2624 Ven.
1069 2566 1152 2624 Greit
1153 2567 1202 2623 hio
1226 2581 1293 2623 sua·

225 2667 295 2709 sore
318 2667 385 2707 enm
400 2667 477 2708 anno
492 2652 699 2725 praeterlapso
714 2652 928 2725 perlustrarim,
953 2668 1040 2725 spero
1062 2653 1126 2709 iore
1147 2656 1182 2707 ut
1201 2651 1296 2707 lecto·

222 2737 307 2795 ribus
329 2738 538 2811 acceptissima
561 2739 599 2793 sit
621 2736 702 2793 docti
723 2736 861 2793 monachi
883 2738 913 2791 in
936 2738 1105 2810 sequentiis
1128 2733 1294 2794 indicandis
1358 2734 1361 2738 ’

225 2827 258 2879 et
277 2821 461 2879 illustrandis
484 2822 646 2897 diligentia.

238 2951 243 2962 ’
316 2923 400 2995 Quae
423 2941 440 2982 e
462 2923 607 3001 Branderi
630 2922 733 2980 codice
756 2927 898 2994 excerpta
920 2928 990 2977 sunt
1015 2928 1050 2977 ut
1077 2922 1205 2991 disemni
1227 2940 1295 2996 pos-

225 3011 287 3068 sint
309 3010 348 3067 ab
361 3011 407 3067 'iis
420 3011 507 3086 'quae
529 3007 717 3075 adnotantur,
741 3007 825 3063 uncis
847 3004 1026 3063 includenda
1047 3007 1221 3063 curavimus.

316 3101 511 3201 isidis-aies
535 3127 635 3185 'nunc
665 3135 795 3184 omncs.
838 3124 872 3180 In
902 3124 974 3199 galli
1003 3129 1092 3180 cantu
1120 3124 1168 3182 vel
1198 3122 1295 3200 media

223 3220 317 3306 nocte
338 3213 377 3272 sd
398 3215 521 3287 primam
543 3206 686 3282 Missam]
813 3212 815 3215 ⁴

264 3385 270 3391 .
313 3334 404 3392 Thes.
425 3333 462 3390 11.
483 3350 512 3406 p.
535 3332 563 3390 5.
601 3332 664 3388 Val.
688 3329 874 3403 Herbergers
903 3327 1043 3386 Postille:
1088 3326 1143 3385 Dte
1170 3318 1296 3402 toiliqes

225 3422 327 3495 Emi
346 3422 463 3494 riwes:
485 3418 565 3476 Eltre
585 3420 629 3474 sei
654 3418 722 3474 Gott
742 3417 772 3471 ia
794 3416 847 3470 der
867 3414 957 3469 Hdlre.
1008 3414 1069 3469 Wic
1091 3413 1168 3471 diens
1182 3430 1218 3470 zo
1234 3431 1296 3477 tter·¹

225 3507 339 3573 ruben,
362 3504 493 3563 erklmt
513 3504 560 3560 die
580 3520 672 3577 ponzo
696 3499 896 3565 Christenltcit
920 3498 1013 3555 tndem
1035 3501 1079 3555 sie
1100 3498 1217 3555 tetzund
1236 3500 1296 3555 ein·

225 3599 291 3667 pet:
317 3592 421 3648 Grates
443 3597 495 3646 etc

666 3666 732 3674 ..a—-
743 3664 825 3674 q-o--n
834 3664 864 3671 ·--

313 3765 460 3850 MWa
474 3766 682 3838 recolamus
718 3773 824 3830 Altera
840 3772 1002 3847 sequentia
1017 3769 1150 3828 eiusdem
1173 3772 1297 3827 sanctis-

228 3863 298 3937 simi
320 3861 381 3922 diei
401 3860 440 3926 ad
462 3858 641 3918 secundem
646 3860 768 3922 missam
788 3858 819 3914 in
842 3872 948 3914 aurora
969 3855 1087 3914 velt
1040 3859 1087 3914 ort
1087 3874 1108 3912 u
1137 3853 1218 3912 solis.
1259 3855 1297 3940 ΕΙ

227 3947 381 4033 estbeati
402 3943 566 4012 Notlreri‚
590 3943 683 4001 tituli:
706 3943 770 4000 Eia
792 3935 931 4011 turma]

315 4066 405 4123 Thes
427 4064 464 4122 II
486 4084 517 4138 p.
538 4064 567 4121 3
611 4064 676 4120 Una
708 4079 743 4119 ex
779 4061 903 4117 Notkeri
938 4060 1117 4134 sequentiis.
1175 4058 1298 4115 Missnle

229 4150 454 4211 sariebant
477 4149 536 4206 diei
566 4148 707 4225 gaudia.
755 4147 801 4205 10.
834 4145 981 4244 oplebs
1011 4145 1154 4201 nimium
1181 4144 1296 4198 beata

232 4236 291 4296 ιθ.
305 4235 475 4309 sunirnsrn
489 4234 528 4291 ad
549 4236 684 4308 patriam.
720 4233 875 4289 Metricam
893 4231 1028 4287 carminis
1050 4231 1195 4287 rationem
1211 4226 1298 4284 docte

230 4322 373 4397 monuit
392 4321 516 4378 Nealius
538 4320 567 4375 in
589 4319 798 4393 Disputationc
820 4317 858 4374 de
878 4316 1046 4389 Sequentiis
1068 4314 1138 4369 huic
1158 4312 1299 4370 volumini
1355 4312 1357 4316 '

227 4408 384 4483 puellus
406 4424 435 4482 p.
460 4408 508 4463 ιι.
1356 4427 1360 4433 ·
