3242 5134
249 627 447 711 ahianyrio
469 638 501 694 at
522 631 667 705 doctrina,
793 635 822 697 6.
836 635 1012 711 l'lagcllata,
1035 642 1232 706 concremata,

241 775 248 782 .
299 721 447 780 omos
468 721 556 796 quasi
577 721 655 779 trina
835 719 946 779 Eculeo
969 723 1158 794 tormentata,

341 806 378 864 In
398 806 497 904 figura
518 804 661 879 disputat,
876 806 996 863 Atilicta
1019 803 1183 881 suppliciis,

298 891 409 949 Vertat
430 890 496 948 οἱιιι
518 892 616 948 erucis
639 892 726 965 signo
833 890 915 950 Inter
936 905 1051 965 poenas
1074 896 1137 948 tam
1158 907 1298 950 amoenas

299 976 378 1035 Dum
399 976 529 1034 munitur
571 987 639 1032 cum
660 976 790 1051 maligno
833 975 903 1035 Veri
926 977 1018 1033 sentit
1039 975 1129 1034 sontis
1151 994 1253 1045 venas,

341 1061 438 1118 Hoste
460 1077 549 1119 cervo
573 1058 702 1118 dimicat.
873 1061 999 1119 Iumixta
1023 1060 1146 1121 deliciis.

250 1181 287 1239 a.
300 1179 396 1238 Deum
417 1179 527 1238 trinum
546 1197 638 1238 unum
660 1169 757 1248 docet,
791 1173 933 1240 7Patr1s
955 1179 993 1238 de
1016 1179 1102 1237 domo
1126 1151 1224 1240 eiecta
1310 1159 1327 1184 ’

302 1259 404 1324 Saevit
412 1269 512 1365 pater
534 1260 565 1322 ct
586 1282 645 1322 non
667 1273 756 1323 nocet
834 1265 958 1323 Terram
980 1267 1084 1323 circuit
1106 1265 1260 1342 despecta,

343 1341 500 1408 satim
473 1367 539 1410 cius
560 1347 689 1426 gladius,
875 1350 1034 1408 Denudata
1054 1352 1190 1426 penitua;

302 1436 420 1511 Sponsa
442 1368 581 1494 (lhristi8
576 1436 647 1510 quia
667 1429 755 1502 redit,
836 1435 960 1493 coelum
982 1452 1070 1496 orans
1092 1435 1163 1492 dum
1184 1439 1310 1513 aspexit,

299 1513 419 1578 Murum
440 1516 547 1578 hausit
568 1523 600 1577 et
620 1537 680 1577 nou
698 1515 791 1578 laedit
835 1519 920 1577 Stola
942 1520 1052 1578 munda
1073 1519 1150 1578 hanc
1172 1525 1303 1596 protexit

342 1603 433 1672 Velut
453 1599 530 1662 lucis
550 1597 662 1665 radius.
874 1604 1014 1663 Formata
1037 1603 1189 1666 divinitus.

512 1724 541 1784 8.
562 1723 637 1797 llys,
657 1724 753 1798 virgo,
776 1739 831 1779 nos
854 1739 996 1798 agnosce,

564 1808 755 1865 Sacramenta
778 1826 834 1865 uos
855 1808 986 1884 deposce

613 1892 775 1951 Salvatcris
797 1894 888 1961 refici,

435 2017 440 2024 ·
562 1978 631 2035 Vita
652 1979 711 2034 ista
732 1977 802 2034 dum
825 1994 990 2053 gravamur,

563 2062 603 2121 Ut
624 2067 750 2138 aspectu
772 2077 938 2121 mereamur

614 2147 765 2206 creatoris
787 2148 908 2223 perfrui.

343 2284 373 2343 2.
396 2283 516 2342 Munius
538 2286 638 2344 omisit
658 2300 763 2342 vocem
784 2283 950 2353 macula,
974 2286 1037 2341 sine
1059 2286 1121 2342 ulla
1142 2284 1326 2345 dubitatione

263 2374 439 2446 corruptelis.
483 2369 557 2426 Mihi
590 2368 706 2426 medela
739 2379 829 2443 egere
858 2367 976 2426 videtur
1007 2371 1157 2428 mentis.
1207 2372 1326 2447 Legerc

262 2445 359 2511 malim
380 2454 532 2511 mundis
561 2455 610 2511 vel
632 2453 726 2510 simile
750 2452 829 2527 quid
874 2453 1005 2511 Sensus:
1034 2453 1137 2512 Carnis
1160 2455 1275 2514 macula
1295 2457 1325 2514 in

262 2535 366 2597 tutta
385 2541 501 2615 virgine
523 2541 754 2597 transformatur
775 2543 806 2595 et
828 2540 915 2612 quasi
930 2539 1154 2614 superinduitur
1168 2546 1202 2597 ut
1216 2541 1326 2598 munda

261 2629 413 2699 appareat.

689 2704 891 2714 *.·.—-

324 2790 415 2871 'coa
461 2800 649 2884 [marest
678 2802 879 2887 euasurum
909 2799 1016 2867 aaut.
1068 2811 1112 2867 ne
1142 2811 1325 2870 rationu

261 2895 386 2972 Regni
406 2889 591 2955 flneciae.
636 2893 864 2970 Ecclesiologist
893 2893 1046 2968 Clhpril
1071 2893 1152 2954 1854
1173 2916 1201 2971 p.
1227 2896 1286 2956 119
1309 2909 1326 2954 e

264 2980 377 3039 Missa-li
399 2978 589 3056 Upsaliensi.l

281 3101 310 3158 1.
332 3099 474 3158 Exultant
496 3100 679 3175 Angelorum
702 3099 786 3156 chori
807 3098 976 3155 hierarchia
996 3098 1116 3172 triplici,
1139 3099 1253 3168 ordine,
1274 3117 1327 3156 nu·

464 3203 555 3252 mero,
579 3185 676 3241 officio
698 3184 855 3257 multiplici
871 3182 990 3251 conditi,
1014 3185 1126 3258 cogniti
1141 3186 1196 3241 Dei
1216 3186 1327 3244 virtute

464 3271 604 3344 simplici:

282 3358 309 3417 2.
331 3355 404 3414 Ruit
423 3372 495 3432 pars
518 3354 586 3411 ad
579 3371 638 3410 ima
659 3354 696 3411 de
718 3355 814 3428 prima
837 3354 993 3427 spirituum
1015 3317 1145 3428 origine.

279 3442 308 3501 8.
331 3440 436 3498 Gratia
459 3440 558 3497 divina
580 3442 665 3496 ruina
685 3443 874 3495 restauratur
896 3455 931 3495 cx
952 3438 1081 3494 homine.

279 3528 309 3586 4
334 3525 430 3596 Quam
452 3525 557 3582 debilis
581 3523 705 3598 Angelis
726 3522 853 3597 perditis
875 3523 952 3580 haec
974 3528 1022 3578 est
1043 3525 1237 3597 permutatio!

275 3609 308 3672 h.
331 3611 477 3684 Amabilis
499 3611 567 3668 filiis
589 3610 741 3670 homiuum
762 3610 792 3665 in
814 3617 941 3681 regnum
963 3610 1124 3667 successio.

276 3695 309 3755 θ.
333 3695 396 3754 Iam
424 3696 486 3752 illic
515 3693 651 3751 ascendit
672 3694 777 3749 victrix
799 3692 895 3749 tribus
917 3693 1044 3766 inclyta:
1074 3695 1133 3750 iam
1154 3694 1200 3750 ius
1222 3710 1329 3767 apprc-

218 3839 221 3847 ,
465 3778 570 3836 hendit
589 3777 779 3852 ‚triumphans
803 3778 946 3845 ecclesia;
969 3778 1077 3835 militat
1099 3780 1127 3834 in
1150 3780 1237 3836 terris
1260 3779 1329 3836 filia.

273 3862 310 3924 7.
335 3863 432 3934 Quam
454 3864 534 3921 dulci
557 3880 656 3921 amore
679 3879 806 3920 vernans
831 3864 992 3936 suscipitur

242 3952 310 4010 ..·8
335 3948 426 4020 Quas
441 3953 526 4006 tanto
548 3947 666 4005 fervore
687 3950 791 4004 ruinae
813 3945 1028 4003 restaurandae
1049 3946 1087 4004 ad
1108 3952 1235 4005 ventura
1261 3965 1330 4005 con-

465 4035 637 4108 cupiscitur

279 4120 313 4180 9.
336 4119 396 4187 Te,
431 4120 508 4175 coeli
524 4119 721 4190 hierarchia,
756 4116 852 4172 omnis
882 4116 962 4171 natio
993 4114 1072 4217 orbis
1105 4116 1202 4189 replet
1231 4114 1330 4170 missis

468 4204 594 4261 nuntiis:

239 4282 313 4350 10.
337 4290 396 4358 Te,
426 4286 529 4345 mundi
557 4288 745 4354 monarchia,
777 4301 863 4343 sacro
893 4300 1014 4342 munere
1036 4282 1229 4357 recognoscit
1251 4274 1332 4338 datis

469 4372 546 4432 tiliis.
