3242 5134
233 706 364 768 2Patra
384 714 474 768 uase
484 707 654 768 'zebedaeo
765 710 794 770 d.
803 711 891 768 Hunc
912 711 942 767 in
964 727 1060 767 coena
1080 712 1211 785 mystica

272 794 370 853 instat
391 795 465 852 mari
482 794 617 853 Galilaeo
813 797 882 872 agni
905 813 994 853 carne
1018 795 1103 853 deice

321 885 386 937 arte
408 880 579 955 piscatoria,
852 880 989 938 Christus
1011 884 1104 955 pavit,

268 965 411 1022 indaismi
430 965 506 1022 fleus
528 981 615 1021 arens
809 966 898 1023 huius
919 972 1048 1023 mentem
1071 968 1197 1024 coelitus

270 1052 375 1109 nutrix
397 1052 425 1108 ei
445 1051 481 1108 fit
502 1054 533 1106 et
553 1067 663 1126 parens
811 1053 949 1127 aspirans
970 1052 1134 1126 paraclitus

316 1138 347 1193 in
369 1136 448 1210 legis
471 1134 588 1194 duritia
855 1135 1009 1195 debriavit.

169 1265 172 1278 ·
235 1249 319 1312 &Ex
343 1253 462 1311 divinae
485 1255 568 1311 vocis
591 1254 721 1322 oraculo,
775 1255 968 1328 7.Duplicem
991 1271 1131 1311 exercens
1154 1256 1231 1312 alam

270 1356 329 1412 pro
353 1339 483 1396 iubentis
505 1344 579 1395 nutu
600 1339 648 1398 vel
671 1339 768 1407 oculo,
814 1341 902 1414 erigit
924 1340 1086 1396 coelestem
1109 1341 1220 1397 scalam

269 1423 577 1498 piscatoriaabiurat
597 1424 685 1482 titulo
857 1426 1000 1481 sennonis
1023 1430 1054 1481 et
1075 1426 1184 1498 operis,

317 1506 766 1585 praeodoransbonapersnnia,
811 1515 843 1566 et
863 1509 992 1566 rebelles
1015 1509 1078 1565 Dec
1101 1526 1206 1584 magos

270 1610 466 1670 synagogam
487 1600 583 1651 mutat
605 1595 742 1662 ecclesia,
817 1612 908 1651 sensu
931 1594 1126 1670 doctrinaque
1146 1611 1241 1670 vagos

267 1686 395 1754 patrem
410 1678 466 1736 deo
487 1679 647 1758 legemque
662 1681 769 1756 gratia,
854 1679 912 1737 fide
935 1682 1031 1756 iungit
1052 1682 1177 1756 superis.

268 1763 768 1863 mma⁸¹¹¹⁸¹¹⁸m⁰⁰ti⁸i¹¹d¹¹⁸t¹ff²
782 1798 915 1855 &Dabat
934 1800 1021 1857 vivax
1042 1816 1099 1855 vor
1120 1798 1248 1855 Hebraei

315 1867 426 1909 navem
439 1847 766 1925 ducevcrboqneretra.
813 1902 917 1940 sonum
938 1890 973 1940 ut
995 1883 1129 1940 sublimis
1152 1882 1209 1951 dei,

213 1961 247 2022 ‘a
261 1968 333 2027 Vas
350 1972 507 2037 sincerum,
523 1986 648 2043 granum
659 1971 771 2043 pingue
816 1969 927 2025 docens
950 1970 1053 2041 lapsus
1077 1968 1156 2024 orbis
1178 1969 1221 2023 rei

196 2049 199 2056 '
264 2053 352 2112 bibit
373 2055 421 2111 lac
444 2053 585 2112 coelestis
606 2054 736 2129 linguae,
856 2055 930 2110 solvi
951 2055 1146 2126 poenitentia:

318 2141 401 2198 vitae
416 2142 499 2215 sugit
506 2139 614 2196 ubera:
810 2139 937 2195 Iacobus
960 2143 994 2193 ut
1015 2143 1132 2194 torrens
1154 2139 1232 2211 ignis

267 2223 375 2283 induit
395 2225 607 2300 apostolatum,
814 2223 945 2298 fulgurat
967 2225 1110 2280 virtutum
1132 2223 1236 2296 signis,

269 2309 364 2368 coelo
388 2311 469 2386 capit
489 2298 697 2384 principatum,
811 2309 901 2366 rebus
924 2312 1012 2366 vacat
1033 2308 1096 2364 Deo
1120 2307 1226 2383 dignis,

318 2393 413 2454 verbo
436 2396 545 2472 premit
567 2395 700 2452 aethera.
859 2394 950 2483 coelis
972 2393 1061 2450 infert
1084 2392 1190 2451 studia.

209 2501 248 2565 5-
268 2513 336 2572 Hic
357 2515 388 2571 in
411 2531 466 2571 sua
488 2514 590 2588 specie
773 2514 801 2571 9.
810 2514 885 2569 Hinc
908 2513 1044 2569 Herodes
1067 2513 1185 2570 fervens
1207 2515 1252 2570 ira

269 2616 383 2676 regern
403 2598 478 2657 vidit
499 2600 613 2673 gloriae
768 2601 771 2606 '
815 2598 957 2671 rabieque
972 2598 1074 2654 furens
1090 2598 1154 2656 dira

320 2686 407 2744 vultu
430 2685 542 2748 clarum
564 2683 709 2749 flammeo,
859 2684 942 2738 iussa
964 2681 1015 2738 dat
1037 2681 1178 2751 crudelia,

275 2787 371 2848 quem
392 2771 490 2827 crucis
512 2770 621 2826 vicinia
814 2766 920 2824 iubens
942 2768 1021 2825 hunc
1045 2784 1116 2824 ense
1138 2769 1218 2825 feriri

274 2857 308 2913 vi
330 2856 478 2929 respersit
499 2855 588 2910 nimia
817 2857 847 2909 et
869 2854 1036 2910 inmeritum
1058 2854 1155 2925 puniri

323 2939 434 2997 sudore
446 2941 620 3014 sanguineo.
859 2939 965 3011 capitis
989 2939 1146 2993 sententia.

469 3058 515 3116 10.
541 3058 589 3115 Sic
613 3061 735 3112 excocto
757 3056 829 3130 gaiu
850 3057 984 3128 martyrii

544 3140 744 3216 apprehendit
766 3157 904 3197 coronam
925 3139 1019 3197 bravii

592 3227 693 3283 iacobi
714 3225 882 3299 prudentia,

544 3315 628 3371 cuius
651 3329 708 3385 ope
730 3311 827 3385 fulget
848 3311 984 3377 ecclesia,
1013 3381 1016 3385 .

546 3404 607 3456 stet
629 3398 658 3453 in
680 3395 748 3463 fide,
772 3402 891 3452 crescat
912 3397 940 3452 in
964 3396 1070 3470 gratia,

596 3487 798 3556 consequatur
821 3481 972 3537 coelorum
994 3481 1134 3554 praemia.

836 3648 877 3655 ..-

304 3809 309 3826 .
324 3776 395 3835 548.
419 3764 604 3844 [Invidiam
616 3760 748 3830 ίῚιήεΙὶ
762 3762 912 3828 militem.
933 3770 978 3828 De
991 3772 1309 3851 &christophore

224 3850 329 3920 Thes.
352 3860 391 3930 11,
414 3880 442 3937 p.
466 3852 550 3929 206]
589 3859 595 3872 ’

672 3973 868 3985 -Ἣ

324 4084 397 4144 5⁴9·
433 4070 604 4155 [Sanciae
625 4072 753 4150 Annae
789 4084 939 4166 deretur
977 4080 1137 4148 &cuam
1170 4075 1321 4143 obruar.¹

225 4160 280 4229 De
305 4170 335 4229 S.
359 4170 476 4225 Anna.
498 4168 588 4226 Thea.
602 4168 640 4231 11.
662 4196 691 4251 p.
718 4170 800 4247 196]

650 4378 878 4390 υὰ-υ--οο
