3242 5134
428 662 552 720 Meliore
568 676 657 735 quam
671 660 764 716 ceteri
785 658 849 716 inre
865 674 911 715 me
930 657 1039 716 arbitro
1057 655 1248 715 authenticus
1263 655 1415 715 habeatur

345 748 457 815 codex,
486 749 516 805 in
545 764 604 822 quo
623 750 705 802 nota
727 743 893 820 quaedam,
924 743 960 801 de
991 759 1050 820 qua
1079 745 1137 800 iam
1158 740 1265 799 Penius
1287 738 1413 812 monuit,

248 882 250 886 ,
343 837 497 909 appareat.
541 831 691 888 Notherus
721 831 786 904 ipse
817 828 925 887 indicia
948 828 1016 898 dat,
1045 828 1154 886 librum
1183 827 1413 903 sequentiarum

344 936 464 977 suarum
485 919 515 975 in
537 918 639 991 plures
661 921 763 991 partes
787 914 913 973 divisum
936 930 1012 973 esse.
1020 911 1044 980 *l
1088 914 1194 970 Exstat
1222 914 1300 971 enim
1331 911 1412 988 apud

257 1053 260 1057 .
343 1005 492 1062 Canisium
513 1002 610 1060 Lectt.
641 1002 741 1075 hutiq.
765 1000 801 1057 Π.
825 1000 899 1057 Pars
922 1002 951 1060 2.
975 999 1021 1057 ed.
1044 1000 1078 1058 B.
1111 995 1278 1055 conclusio'
1292 997 1413 1057 dedica·

341 1091 418 1147 toria
439 1090 526 1168 primi¹
545 1087 615 1146 libri
636 1087 863 1172 sequentiarum
883 1085 926 1146 ad
945 1084 1164 1170 ImitwardQ
1174 1100 1241 1172 qna
1255 1084 1338 1172 ‚libro
1361 1101 1413 1142 ne-

342 1176 437 1232 talitio
460 1173 505 1241 (ut
526 1175 568 1230 ita
590 1171 697 1238 dicam)
719 1173 808 1229 finem
830 1173 913 1229 fecit:
1309 1174 1312 1182 '

323 1284 326 1289 ’
425 1293 514 1352 Pars
536 1290 707 1354 Irmtwarde
728 1294 834 1366 prior
849 1292 957 1358 linitur
978 1289 1053 1364 ealle
1074 1289 1141 1346 sub.
1155 1294 1234 1366 arto,
1259 1341 1292 1360 .„
1324 1335 1329 1348 .

426 1378 611 1438 Commotam
632 1394 706 1450 eane
728 1383 800 1452 post
822 1382 941 1446 terram,
964 1377 1163 1452 miserumque
1179 1372 1370 1454 profundam,

424 1463 632 1537 Laetitiaeque
656 1461 759 1529 melos,
783 1462 939 1537 sanctique
967 1459 1076 1517 decens
1099 1459 1290 1529 habitaclum,
1330 1515 1371 1542 ·.-

423 1548 526 1624 Atque
549 1548 652 1604 oculos
674 1548 740 1623 regi
762 1546 906 1606 meditare
928 1544 1082 1604 intendere
1105 1546 1193 1614 coeli,-
1320 1575 1326 1622 .·

340 1628 346 1636 “
423 1633 613 1692 Hierusalem
636 1630 731 1690 donee
752 1633 896 1690 merearis
919 1628 1064 1690 scandere
1087 1629 1207 1699 celsam,
1275 1645 1288 1668 ·'

424 1718 492 1790 Qua
513 1717 662 1776 deridebis
685 1717 837 1792 quondam
858 1716 1139 1793 medentiatlagra,
1195 1755 1201 1774 .

423 1804 552 1862 Etcum
572 1820 645 1878 rege
668 1809 720 1859 tuo
743 1802 888 1878 gaudebis
910 1802 959 1859 hic
982 1802 1130 1870 crucifixo,

360 1928 362 1932 -
423 1888 620 1946 Posterior
641 1889 736 1963 pratis
758 1890 868 1945 renitet
891 1904 956 1944 cum
979 1886 1099 1945 floribus
1122 1886 1238 1964 amplis.

322 1996 438 2079 ¹Quam
459 2009 650 2082 partitionem
670 2009 695 2063 si
717 2008 768 2081 qui
784 2005 879 2076 codex
894 2006 1040 2088 exhibeat,
1062 2006 1088 2064 is
1110 2006 1199 2082 plano
1213 2002 1272 2064 fide
1293 2003 1412 2084 dignior

338 2110 428 2170 quam
450 2094 543 2150 ceteri
565 2109 668 2150 omues
689 2091 846 2149 habendus
858 2097 918 2174 ¹est.
946 2091 1018 2158 ‚Iam
1032 2092 1097 2150 eius
1113 2094 1233 2174 generis
1256 2092 1413 2167 exemplar.

339 2184 387 2235 est
417 2177 518 2235 Codex
554 2176 791 2235 San-Callensis
820 2178 876 2258 tio.
905 2176 983 2246 878,
1013 2193 1033 2234 a
1061 2171 1108 2236 m'o
1144 2175 1304 2236 auctumno
1341 2167 1410 2236 aurii

338 2261 701 2321 amnemamnem.
736 2262 855 2321 Initium
878 2268 926 2320 est
948 2262 985 2319 ab
1007 2262 1055 2319 his
1070 2261 1186 2320 verbis:
1393 2261 1396 2266 '

477 2381 599 2456 ,Incipit
621 2381 696 2439 liber
718 2399 873 2458 ymnorum
895 2381 1019 2439 Notlreri
1040 2380 1157 2439 Baibuli
1254 2371 1256 2378 ’

439 2505 441 2510 -
488 2468 546 2524 iste
567 2465 643 2524 liber
663 2466 756 2524 habet
778 2483 884 2524 versus
906 2464 1112 2524 modulaminis
1134 2467 1206 2541 apti.

337 2586 415 2644 Tum·
434 2586 547 2660 primus
577 2585 806 2661 Sequentierum
834 2584 910 2641 liber
939 2586 1089 2661 sequitur:
1137 2588 1162 2643 l.
1185 2586 1300 2658 Natus
1323 2592 1412 2647 aute

338 2672 494 2729 saecula.
538 2672 567 2731 2.
589 2671 654 2727 Eia
676 2671 893 2742 recolamus.
931 2670 959 2728 8.
982 2671 1081 2728 Hauc
1103 2670 1278 2730 concordi
1294 2672 1410 2749 lamu-

258 2762 265 2768 ”
336 2757 422 2813 latu.
467 2756 496 2810 4.
528 2755 666 2812 Christi
695 2754 1005 2825 Domini'militis.
1057 2756 1085 2814 b.
1113 2747 1411 2818 Iohannes'ld'aa
1458 2815 1462 2820 .

340 2840 487 2897 Christo
517 2837 660 2896 dilecte
690 2841 802 2913 virgo.
847 2838 876 2897 6.
898 2838 993 2897 Laus
1023 2840 1090 2898 tibi
1120 2842 1266 2899 Christe
1294 2839 1411 2918 patris

336 2925 474 2997 optimi
532 2923 561 2979 7.
599 2919 693 2978 Laus
729 2922 799 2979 tibi
828 2921 972 2981 Christe
999 2927 1064 2999 qui
1093 2930 1200 3001 sapit.
1225 2928 1290 2986 ¹*Gt
1313 2927 1411 2987 Laus

335 3007 402 3065 tibi
446 3006 597 3064 Christe
638 3008 699 3081 qui
741 3008 908 3065 humilis
934 3008 1047 3067 homo.
1106 3011 1411 3085 exuentem·

335 3092 389 3150 ria
410 3093 512 3165 virgo
535 3092 599 3147 Dei
619 3093 790 3166 genitrix.
809 3088 1293 3156 >lC.··Fes·ta·=Chri'stl'omnis
1306 3092 1411 3158 chri·

289 3191 294 3202 ’
336 3178 520 3233 stianitas.
567 3178 613 3233 ll.
645 3177 838 3235 Cantemus
867 3181 1016 3237 cuncti·
1050 3182 1096 3239 la.
1121 3180 1410 3260 Cbn'ceatu·?·pe·

292 3298 299 3319 ,
334 3263 419 3319 rili.¹
447 3260 498 3319 db.
522 3261 683 3336 Virginis
706 3262 938 3321 venerandae
962 3264 1003 3320 de
1025 3272 1171 3324 numero
1192 3269 1406 3342 replentur».

338 3347 385 3404 rs.
408 3346 540 3402 Nostra
561 3346 648 3403 tuba
670 3346 1077 3428 re'gatur'tortissimau
1381 3399 1399 3422 .,

344 3453 347 3462 ’
418 3447 522 3504 Altero
544 3439 619 3504 libro
635 3439 823 3514 eontinentur
838 3437 946 3508 haece:
973 3443 1026 3511 l5'.v
1042 3445 1191 3511 Laudes
1210 3447 1406 3515 salvatori.

337 3521 389 3591 lb':¹
405 3531 608 3609 Pangamus
631 3533 823 3591 creatoris.
869 3533 916 3593 17.
938 3536 977 3593 is
995 3537 1067 3613 qui
1083 3537 1218 3622 primus
1241 3533 1408 3601 habitunt

392 3726 426 3806 j)
445 3723 545 3778 Pectus
565 3725 741 3781 dedicatione
754 3727 872 3784 Notheri
886 3730 955 3786 duas
973 3687 1406 3806 tantummouo'partes'sissg'iiu‘-

333 3793 413 3847 datas
432 3803 496 3866 esse
515 3794 672 3848 arbitratur
688 3795 705 3848 l.
725 3812 748 3850 c.
765 3813 796 3865 pr
807 3796 922 3852 Lvmc
942 3798 1040 3863 „culus
1057 3805 1152 3855 temen
1162 3801 1324 3869 partitionis
1342 3806 1405 3860 nnl-

332 3861 390 3913 lum
415 3861 447 3914 in
469 3859 631 3917 Emmerani
656 3862 759 3918 Codice
785 3866 938 3948 vestigium
964 3872 1095 3949 apparet,
1126 3870 1189 3924 nisi
1214 3872 1333 3928 volimus
1347 3874 1404 3928 ,ὤ-

241 3950 243 3953 ·
333 3930 542 3992 cassiteram
562 3930 672 3993 illarum
684 3939 793 4008 partem
807 3949 893 3994 mens
911 3936 1084 3990 Vorsrbus
1103 3942 1136 4004 ot
1155 3938 1402 4012 G,rsdualiburp,

334 3995 448 4060 musicis
466 3997 558 4056 modis
572 4003 699 4056 veterum
716 4018 793 4058 more
803 4002 947 4072 insignitis
965 4005 995 4056 et
1007 4005 1210 4078 attemperatis,
1230 4007 1403 4076 constitisse,

333 4063 489 4145 cuiusmodi
508 4082 578 4134 opus
597 4067 625 4121 in
643 4070 740 4124 codice
759 4063 959 4125 Ratisbonensi
976 4078 1103 4126 nostrum
1131 4074 1403 4143 sequentiarum

332 4132 490 4187 lrbellum
508 4151 571 4189 mox
589 4140 824 4206 consequebatur,
844 4140 920 4193 nullo
938 4144 1031 4194 tamen
1050 4144 1173 4197 auctoris
1191 4145 1303 4199 nominc
1319 4149 1402 4214 prbe·

331 4202 394 4280 tiro:
425 4201 508 4256 Certe
521 4204 555 4257 de
573 4206 616 4259 his
627 4207 804 4264 ,Versibus
826 4212 859 4262 et
877 4208 1326 4294 Gradualibusaccipipotest
1343 4213 1399 4269 Ho-

332 4283 428 4347 nomus
446 4274 566 4344 August,
583 4274 671 4328 libi.
692 4290 715 4327 c.
734 4277 767 4337 o,
787 4276 835 4343 qui
853 4277 1007 4330 Notkerum
1038 4279 1078 4334 Sc
1109 4285 1249 4335 neutras
1268 4287 1300 4335 et
1319 4282 1401 4343 Tro·

332 4349 435 4460 ²¹9⁰}
450 4340 581 4395 Ver-sus
604 4342 841 4411 composuisse
864 4345 1010 4400 affirmet.“
1028 4373 1061 4388 ..
1123 4350 1231 4403 utentia
1256 4351 1338 4419 plane
1356 4366 1403 4407 re·

331 4418 416 4460 llclen
437 4424 461 4460 a.
1136 4441 1140 4446 ’
1311 4439 1362 4468 -···r
