3242 5134
254 691 347 765 Virgo
368 685 465 761 parit,
486 699 543 740 uec
567 686 615 739 est
636 682 720 738 laesa
794 677 862 749 ipse
884 675 991 745 captus
1013 671 1173 734 inescatur,
1196 657 1200 664 '

303 774 426 848 virginis
434 770 600 843 integritas,
841 775 899 832 pax
921 762 968 812 est
990 754 1061 812 data
1082 755 1221 828 posteris.

254 858 317 918 ω
337 860 368 914 ὴ)
390 856 480 912 d⁰m⁰
502 853 651 909 “mim
756 877 936 936 avertatur
956 875 1004 932 lex
1027 880 1160 940 naturae,

303 945 480 1019 ΡΨΜῙἛι
501 939 635 1003 mlim’
701 1023 707 1034 ,
800 966 903 1036 stupet
925 958 997 1016 ordo
1021 958 1187 1034 geniturae,

254 1045 319 1087 nee
340 1031 481 1092 mutatur,
505 1023 575 1079 dum
598 1027 723 1079 assumit

305 1114 465 1177 hominem,
488 1108 637 1174 divinitas,

841 1050 974 1102 mutatur
996 1045 1174 1119 proprietas,

586 1195 592 1207 ,
801 1148 929 1190 mamma
943 1127 1038 1186 laetat
1055 1129 1208 1204 virginalis

258 1198 321 1282 ,Μ
341 1199 497 1269 ²⁸⁸¹¹mP⁸⁸
518 1194 664 1292 8¹⁰F²l¹¹¹
803 1222 977 1282 creatorem,
1000 1213 1141 1288 spiritalis

308 1287 337 1341 5¹¹
359 1282 449 1339 deum
470 1281 648 1337 humanm
804 1363 806 1374 ¹
847 1303 941 1359 esurit
956 1301 1089 1356 satietas.

265 1409 316 1476 Sic
335 1418 458 1473 hamum
480 1415 643 1472 divinitatis
762 1421 790 1480 5.
802 1422 868 1478 Hoc
891 1437 967 1492 opus
990 1416 1190 1475 consideravit

310 1504 443 1560 occultat
464 1501 640 1566 mortalita&
804 1506 948 1564 Abbaouo
971 1511 1001 1560 et
1022 1503 1080 1559 hoc
1104 1504 1224 1577 expavit

273 1591 313 1646 sic
334 1587 453 1646 voracis
474 1584 641 1643 Leviathan
847 1593 925 1646 inter
947 1589 1093 1655 animalia,

312 1672 424 1730 luditur
445 1674 604 1738 voracitas,
806 1674 887 1752 quod
902 1677 937 1730 fit
945 1676 1100 1730 continens
1116 1678 1296 1741 contentum,

274 1759 321 1834 qui
343 1749 414 1814 dum
436 1757 517 1830 capit
539 1753 726 1831 glutiendum
805 1760 888 1836 quod
909 1761 1038 1816 nutritur
1056 1760 1276 1827 nutrimentum,

313 1841 408 1900 nostri
429 1857 560 1901 vermem
582 1844 711 1915 generis,
848 1844 929 1921 quod
951 1845 985 1902 fit
1007 1847 1103 1900 mater
1124 1844 1191 1900 filia.

534 1960 663 2034 uvrgit
685 1963 790 2032 inians,
815 1964 870 2022 sed
892 1966 1012 2038 vagitus

575 2063 727 2120 nunquam
749 2051 818 2108 talis
841 2055 889 2108 est
911 2048 1040 2115 auditus,

620 2130 689 2188 dum
710 2135 809 2207 plorat
831 2135 955 2202 laetitia,

577 2221 681 2274 noster
702 2219 791 2276 fietus
814 2220 969 2284 hilaratur,

578 2302 695 2358 eoelum
718 2304 830 2378 gaudet
853 2312 885 2364 et
907 2308 1044 2362 cantatur

621 2389 652 2444 in
674 2391 802 2448 excelsis
818 2392 922 2466 gloria.

669 2603 873 2616 —nu———n-—at

320 2765 391 2823 504.
429 2751 585 2835 [Chriale
608 2755 780 2837 positoris
808 2756 843 2821 et
867 2757 1018 2843 spiritua
1049 2758 1164 2822 saucii
1184 2756 1307 2839 pluria.

255 2865 282 2905 ‘e
305 2850 332 2907 S.
355 2850 530 2923 Ruperto.
575 2849 665 2906 Mune
688 2848 738 2905 lll.
760 2866 790 2922 p.
815 2849 886 2909 493.
914 2851 978 2917 (Hs.
1003 2870 1038 2907 zu
1061 2851 1212 2906 Miinchen
1235 2850 1307 2909 Clm.

257 2933 352 2994 1⁰⁰4.
379 2935 426 2992 ll.
446 2933 495 2996 dh..
517 2933 557 3008 A,
575 2934 627 2991 Hs.
650 2951 686 2989 au
709 2933 799 2992 Grata
822 2925 911 3010 talo
933 2935 988 2992 des
1015 2935 1124 2994 lam
1147 2935 1180 2993 Β.
1202 2933 1255 2990 Hs.
1273 2953 1308 2990 zu

254 3019 370 3076 dmoni
399 3037 425 3077 o.
447 3019 482 3076 N.
515 3018 560 3075 15.
580 3018 630 3074 Jh.
655 3019 686 3074 C.
708 3019 761 3077 Hs.
791 3037 828 3076 au
855 3020 897 3077 St.
920 3019 1010 3075 Peter
1038 3022 1068 3074 iu
1091 3019 1236 3091 Salaburg
1256 3019 1308 3086 IX,

258 3107 276 3162 1
301 3103 356 3161 des
383 3105 428 3164 12.
442 3103 492 3160 Jh.
509 3104 542 3160 D.
565 3103 686 3161 Andere
701 3105 753 3163 Hs.
770 3104 906 3162 daselbst
925 3104 990 3172 ΧΠ,
1014 3103 1041 3162 7.
1066 3102 1128 3160 des
1139 3104 1184 3160 12.
1199 3103 1247 3160 Jh.
1262 3098 1307 3174 El

258 3244 287 3300 1.
312 3239 440 3307 Christe,
463 3240 607 3314 genitoris
631 3244 661 3295 et
676 3241 806 3313 ¹spiritus
830 3233 935 3297 saneti'
949 3239 1054 3314 gloria,

254 3320 297 3385 2]
312 3326 424 3382 Veniae
447 3341 527 3398 spes,
551 3325 633 3380 salus
655 3323 765 3390 mundi,
790 3327 851 3382 vita
871 3329 1027 3399 perpetua,

258 3411 289 3469 3.
315 3409 421 3467 Sidera
443 3415 474 3466 et
496 3426 568 3467 arva
589 3410 690 3483 palmo
712 3415 828 3467 metens
851 3416 881 3466 et
903 3411 1004 3477 maria,

254 3496 288 3554 d
314 3494 372 3570 Qui
394 3497 441 3552 sui
462 3512 517 3570 per
539 3494 640 3552 orbem
662 3495 789 3569 benigue
813 3497 895 3553 verbi
918 3495 1076 3568 dispensas
1100 3495 1213 3551 semina

256 3581 288 3640 5.
314 3579 492 3654 Galliaeque
515 3579 607 3636 eorda
629 3580 794 3653 italiaeque
817 3581 920 3638 fovens
943 3581 1065 3647 sterilia,

258 3666 289 3725 6.
316 3657 375 3734 Qui
395 3664 515 3721 modulo
538 3667 661 3739 iusuper
682 3664 817 3722 mirando
840 3683 918 3724 nova
938 3667 1032 3722 urittis
1054 3666 1173 3732 lumina,

258 3750 289 3809 7.
312 3749 353 3808 Ut
375 3751 490 3808 cunctis
514 3768 549 3806 ex
571 3751 711 3825 gentibus
734 3752 1085 3808 coelestesveuereutur
1106 3747 1229 3809 incolae.

259 3838 291 3895 8.
317 3829 360 3891 Ex
382 3835 518 3892 omnibus
541 3836 599 3891 illis
622 3853 677 3891 nos
700 3834 789 3892 hodie
813 3836 937 3892 colimus

260 3921 291 3980 9.
318 3920 449 3998 Egregia
478 3922 584 3976 merita
611 3922 707 3977 saneti
735 3922 915 3978 confessoris
944 3926 1036 3995 atque
1063 3923 1212 3995 pontificis
1234 3920 1315 3977 Rud-

448 4004 534 4072 berti,

254 4091 294 4151 .0.
319 4088 377 4159 Qui
400 4089 528 4147 Galliam
548 4090 645 4164 liquit,
670 4089 769 4148 dulcia
792 4107 864 4147 arra
884 4092 990 4164 patris,

254 4179 295 4236 .1.
320 4172 498 4251 spargendo·
525 4173 678 4231 doetrinae
708 4176 822 4233 semina
849 4180 879 4230 et
909 4175 1002 4231 edidit
1024 4178 1175 4233 lucratam
1198 4174 1317 4233 domino

450 4260 600 4318 Noricam.

254 4348 297 4406 l2.
320 4344 379 4415 Qui
406 4359 576 4402 mensuram
612 4345 703 4401 tritici
734 4346 829 4401 servis
865 4343 975 4401 domini
1008 4344 1086 4402 bene
1115 4346 1230 4404 curavit
1259 4344 1319 4404 dis-

454 4427 598 4505 pendere,
1119 4455 1125 4460 ·
